@ARTICLE{2013A&ARv..21...64D,
   author = {{Dubus}, G.},
    title = "{Gamma-ray binaries and related systems}",
  journal = {\aapr},
archivePrefix = "arXiv",
   eprint = {1307.7083},
 primaryClass = "astro-ph.HE",
 keywords = {Acceleration of particles, Radiation mechanisms: non-thermal, Stars: massive, Novae, Pulsars: general, ISM: jets and outflows, Gamma rays: stars, X-rays: binaries},
     year = 2013,
    month = aug,
   volume = 21,
      eid = {64},
    pages = {64},
      doi = {10.1007/s00159-013-0064-5},
   adsurl = {http://adsabs.harvard.edu/abs/2013A%26ARv..21...64D},
  adsnote = {Provided by the SAO/NASA Astrophysics Data System}
}

	
@article{0004-637X-744-2-106,
  author={Diego F. Torres and Nanda Rea and Paolo Esposito and Jian Li and Yupeng Chen and Shu Zhang},
  title={A Magnetar-like Event from LS I +61°303 and Its Nature as a Gamma-Ray Binary},
  journal={The Astrophysical Journal},
  volume={744},
  number={2},
  pages={106},
  url={http://stacks.iop.org/0004-637X/744/i=2/a=106},
  year={2012},
  abstract={We report on the Swift Burst Alert Telescope detection of a short burst from the direction of the TeV binary LS I +61°303, resembling those generally labeled as magnetar-like. We show that it is likely that the short burst was indeed originating from LS I +61°303 (although we cannot totally exclude the improbable presence of a far-away, line-of-sight magnetar) and that it is a different phenomenon with respect to the previously observed ks-long flares from this system. Accepting the hypothesis that LS I +61°303 is the first magnetar detected in a binary system, we study those implications. We find that a magnetar-composed LS I +61°303 system would most likely be (i.e., for the usual magnetar parameters and mass-loss rate) subject to a flip-flop behavior, from a rotationally powered regime (in the apastron) to a propeller regime (in the periastron) along each of the LS I +61°303 eccentric orbital motion. We prove that, unlike near an apastron, where an interwind shock can lead to the normally observed LS I +61°303 behavior, during TeV emission the periastron propeller is expected to efficiently accelerate particles only to sub-TeV energies. This flip-flop scenario would explain the system's behavior when a recurrent TeV emission only appears near the apastron, the anti-correlation of the GeV and TeV emission, and the long-term TeV variability (which seems correlated to LS I +61°303's super-orbital period), including the appearance of a low TeV state. Finally, we qualitatively put the multi-wavelength phenomenology into the context of our proposed model and make some predictions for further testing.}
}
	
@ARTICLE{2016ApJ...829..105C,
   author = {{Corbet}, R.~H.~D. and {Chomiuk}, L. and {Coe}, M.~J. and {Coley}, J.~B. and 
	{Dubus}, G. and {Edwards}, P.~G. and {Martin}, P. and {McBride}, V.~A. and 
	{Stevens}, J. and {Strader}, J. and {Townsend}, L.~J. and {Udalski}, A.
	},
    title = "{A Luminous Gamma-ray Binary in the Large Magellanic Cloud}",
  journal = {\apj},
archivePrefix = "arXiv",
   eprint = {1608.06647},
 primaryClass = "astro-ph.HE",
 keywords = {gamma rays: stars, stars: individual: CXOU J053600.0-673507, stars: neutron},
     year = 2016,
    month = oct,
   volume = 829,
      eid = {105},
    pages = {105},
      doi = {10.3847/0004-637X/829/2/105},
   adsurl = {http://adsabs.harvard.edu/abs/2016ApJ...829..105C},
  adsnote = {Provided by the SAO/NASA Astrophysics Data System}
}

@ARTICLE{2014AN....335..301K,
   author = {{Kargaltsev}, O. and {Rangelov}, B. and {Hare}, J. and {Pavlov}, G.~G.
	},
    title = "{Chandra imaging of gamma-ray binaries}",
  journal = {Astronomische Nachrichten},
archivePrefix = "arXiv",
   eprint = {1310.1392},
 primaryClass = "astro-ph.HE",
 keywords = {pulsars: individual (B1259-63, LS 5039, LS I +61 303, HESS J0632+057, 1FGL J1018.6-5856), stars: neutron, X-rays: binaries},
     year = 2014,
    month = mar,
   volume = 335,
    pages = {301-306},
      doi = {10.1002/asna.201312036},
   adsurl = {http://adsabs.harvard.edu/abs/2014AN....335..301K},
  adsnote = {Provided by the SAO/NASA Astrophysics Data System}
}
@ARTICLE{2016MNRAS.457.1753E,
   author = {{Eger}, P. and {Laffon}, H. and {Bordas}, P. and {de O{\~n}a Whilhelmi}, E. and 
	{Hinton}, J. and {P{\"u}hlhofer}, G.},
    title = "{Discovery of a variable X-ray counterpart to HESS J1832-093: a new gamma-ray binary?}",
  journal = {\mnras},
archivePrefix = "arXiv",
   eprint = {1601.03208},
 primaryClass = "astro-ph.HE",
 keywords = {acceleration of particles, radiation mechanisms: non-thermal, gamma-rays: general, X-rays: binaries},
     year = 2016,
    month = apr,
   volume = 457,
    pages = {1753-1758},
      doi = {10.1093/mnras/stw125},
   adsurl = {http://adsabs.harvard.edu/abs/2016MNRAS.457.1753E},
  adsnote = {Provided by the SAO/NASA Astrophysics Data System}
}

@ARTICLE{2011ApJ...737L..11B,
   author = {{Bongiorno}, S.~D. and {Falcone}, A.~D. and {Stroh}, M. and 
	{Holder}, J. and {Skilton}, J.~L. and {Hinton}, J.~A. and {Gehrels}, N. and 
	{Grube}, J.},
    title = "{A New TeV Binary: The Discovery of an Orbital Period in HESS J0632+057}",
  journal = {\apjl},
archivePrefix = "arXiv",
   eprint = {1104.4519},
 primaryClass = "astro-ph.GA",
 keywords = {gamma rays: general, X-rays: binaries, X-rays: individual: HESS J0632+057},
     year = 2011,
    month = aug,
   volume = 737,
      eid = {L11},
    pages = {L11},
      doi = {10.1088/2041-8205/737/1/L11},
   adsurl = {http://adsabs.harvard.edu/abs/2011ApJ...737L..11B},
  adsnote = {Provided by the SAO/NASA Astrophysics Data System}
}
@ARTICLE{2016arXiv160108216M,
   author = {{Malyshev}, D. and {Chernyakova}, M.},
    title = "{Very high energy Fermi/LAT detection of HESS J0632+057}",
  journal = {ArXiv e-prints},
archivePrefix = "arXiv",
   eprint = {1601.08216},
 primaryClass = "astro-ph.HE",
 keywords = {Astrophysics - High Energy Astrophysical Phenomena},
     year = 2016,
    month = jan,
   adsurl = {http://adsabs.harvard.edu/abs/2016arXiv160108216M},
  adsnote = {Provided by the SAO/NASA Astrophysics Data System}
}
@ARTICLE{2010ApJS..188..405A,
   author = {{Abdo}, A.~A. and {Ackermann}, M. and {Ajello}, M. and {Allafort}, A. and 
	{Antolini}, E. and {Atwood}, W.~B. and {Axelsson}, M. and {Baldini}, L. and 
	{Ballet}, J. and {Barbiellini}, G. and et al.},
    title = "{Fermi Large Area Telescope First Source Catalog}",
  journal = {\apjs},
archivePrefix = "arXiv",
   eprint = {1002.2280},
 primaryClass = "astro-ph.HE",
 keywords = {catalogs, gamma rays: general},
     year = 2010,
    month = jun,
   volume = 188,
    pages = {405-436},
      doi = {10.1088/0067-0049/188/2/405},
   adsurl = {http://adsabs.harvard.edu/abs/2010ApJS..188..405A},
  adsnote = {Provided by the SAO/NASA Astrophysics Data System}
}
@ARTICLE{2005Sci...309..746A,
   author = {{Aharonian}, F. and {Akhperjanian}, A.~G. and {Aye}, K.-M. and 
	{Bazer-Bachi}, A.~R. and {Beilicke}, M. and {Benbow}, W. and 
	{Berge}, D. and {Berghaus}, P. and {Bernl{\"o}hr}, K. and {Boisson}, C. and 
	{Bolz}, O. and {Borrel}, V. and {Braun}, I. and {Breitling}, F. and 
	{Brown}, A.~M. and {Gordo}, J.~B. and {Chadwick}, P.~M. and 
	{Chounet}, L.-M. and {Cornils}, R. and {Costamante}, L. and 
	{Degrange}, B. and {Dickinson}, H.~J. and {Djannati-Ata{\"i}}, A. and 
	{Drury}, L.~O. and {Dubus}, G. and {Emmanoulopoulos}, D. and 
	{Espigat}, P. and {Feinstein}, F. and {Fleury}, P. and {Fontaine}, G. and 
	{Fuchs}, Y. and {Funk}, S. and {Gallant}, Y.~A. and {Giebels}, B. and 
	{Gillessen}, S. and {Glicenstein}, J.~F. and {Goret}, P. and 
	{Hadjichristidis}, C. and {Hauser}, M. and {Heinzelmann}, G. and 
	{Henri}, G. and {Hermann}, G. and {Hinton}, J.~A. and {Hofmann}, W. and 
	{Holleran}, M. and {Horns}, D. and {Jacholkowska}, A. and {de Jager}, O.~C. and 
	{Kh{\'e}lifi}, B. and {Komin}, N. and {Konopelko}, A. and {Latham}, I.~J. and 
	{Le Gallou}, R. and {Lemi{\`e}re}, A. and {Lemoine-Goumard}, M. and 
	{Leroy}, N. and {Lohse}, T. and {Marcowith}, A. and {Martin}, J.-M. and 
	{Martineau-Huynh}, O. and {Masterson}, C. and {McComb}, T.~J.~L. and 
	{de Naurois}, M. and {Nolan}, S.~J. and {Noutsos}, A. and {Orford}, K.~J. and 
	{Osborne}, J.~L. and {Ouchrif}, M. and {Panter}, M. and {Pelletier}, G. and 
	{Pita}, S. and {P{\"u}hlhofer}, G. and {Punch}, M. and {Raubenheimer}, B.~C. and 
	{Raue}, M. and {Raux}, J. and {Rayner}, S.~M. and {Reimer}, A. and 
	{Reimer}, O. and {Ripken}, J. and {Rob}, L. and {Rolland}, L. and 
	{Rowell}, G. and {Sahakian}, V. and {Saug{\'e}}, L. and {Schlenker}, S. and 
	{Schlickeiser}, R. and {Schuster}, C. and {Schwanke}, U. and 
	{Siewert}, M. and {Sol}, H. and {Spangler}, D. and {Steenkamp}, R. and 
	{Stegmann}, C. and {Tavernet}, J.-P. and {Terrier}, R. and {Th{\'e}oret}, C.~G. and 
	{Tluczykont}, M. and {Vasileiadis}, G. and {Venter}, C. and 
	{Vincent}, P. and {V{\"o}lk}, H.~J. and {Wagner}, S.~J.},
    title = "{Discovery of Very High Energy Gamma Rays Associated with an X-ray Binary}",
  journal = {Science},
   eprint = {astro-ph/0508298},
     year = 2005,
    month = jul,
   volume = 309,
    pages = {746-749},
      doi = {10.1126/science.1113764},
   adsurl = {http://adsabs.harvard.edu/abs/2005Sci...309..746A},
  adsnote = {Provided by the SAO/NASA Astrophysics Data System}
}
@ARTICLE{2006Sci...312.1771A,
   author = {{Albert}, J. and {Aliu}, E. and {Anderhub}, H. and {Antoranz}, P. and 
	{Armada}, A. and {Asensio}, M. and {Baixeras}, C. and {Barrio}, J.~A. and 
	{Bartelt}, M. and {Bartko}, H. and {Bastieri}, D. and {Bavikadi}, S.~R. and 
	{Bednarek}, W. and {Berger}, K. and {Bigongiari}, C. and {Biland}, A. and 
	{Bisesi}, E. and {Bock}, R.~K. and {Bordas}, P. and {Bosch-Ramon}, V. and 
	{Bretz}, T. and {Britvitch}, I. and {Camara}, M. and {Carmona}, E. and 
	{Chilingarian}, A. and {Ciprini}, S. and {Coarasa}, J.~A. and 
	{Commichau}, S. and {Contreras}, J.~L. and {Cortina}, J. and 
	{Curtef}, V. and {Danielyan}, V. and {Dazzi}, F. and {De Angelis}, A. and 
	{de los Reyes}, R. and {De Lotto}, B. and {Domingo-Santamar{\'{\i}}a}, E. and 
	{Dorner}, D. and {Doro}, M. and {Errando}, M. and {Fagiolini}, M. and 
	{Ferenc}, D. and {Fern{\'a}ndez}, E. and {Firpo}, R. and {Flix}, J. and 
	{Fonseca}, M.~V. and {Font}, L. and {Fuchs}, M. and {Galante}, N. and 
	{Garczarczyk}, M. and {Gaug}, M. and {Giller}, M. and {Goebel}, F. and 
	{Hakobyan}, D. and {Hayashida}, M. and {Hengstebeck}, T. and 
	{H{\"o}hne}, D. and {Hose}, J. and {Hsu}, C.~C. and {Isar}, P.~G. and 
	{Jacon}, P. and {Kalekin}, O. and {Kosyra}, R. and {Kranich}, D. and 
	{Laatiaoui}, M. and {Laille}, A. and {Lenisa}, T. and {Liebing}, P. and 
	{Lindfors}, E. and {Lombardi}, S. and {Longo}, F. and {L{\'o}pez}, J. and 
	{L{\'o}pez}, M. and {Lorenz}, E. and {Lucarelli}, F. and {Majumdar}, P. and 
	{Maneva}, G. and {Mannheim}, K. and {Mansutti}, O. and {Mariotti}, M. and 
	{Mart{\'{\i}}nez}, M. and {Mase}, K. and {Mazin}, D. and {Merck}, C. and 
	{Meucci}, M. and {Meyer}, M. and {Miranda}, J.~M. and {Mirzoyan}, R. and 
	{Mizobuchi}, S. and {Moralejo}, A. and {Nilsson}, K. and {O{\~n}a-Wilhelmi}, E. and 
	{Ordu{\~n}a}, R. and {Otte}, N. and {Oya}, I. and {Paneque}, D. and 
	{Paoletti}, R. and {Paredes}, J.~M. and {Pasanen}, M. and {Pascoli}, D. and 
	{Pauss}, F. and {Pavel}, N. and {Pegna}, R. and {Persic}, M. and 
	{Peruzzo}, L. and {Piccioli}, A. and {Poller}, M. and {Pooley}, G. and 
	{Prandini}, E. and {Raymers}, A. and {Rhode}, W. and {Rib{\'o}}, M. and 
	{Rico}, J. and {Riegel}, B. and {Rissi}, M. and {Robert}, A. and 
	{Romero}, G.~E. and {R{\"u}gamer}, S. and {Saggion}, A. and 
	{S{\'a}nchez}, A. and {Sartori}, P. and {Scalzotto}, V. and 
	{Scapin}, V. and {Schmitt}, R. and {Schweizer}, T. and {Shayduk}, M. and 
	{Shinozaki}, K. and {Shore}, S.~N. and {Sidro}, N. and {Sillanp{\"a}{\"a}}, A. and 
	{Sobczynska}, D. and {Stamerra}, A. and {Stark}, L.~S. and {Takalo}, L. and 
	{Temnikov}, P. and {Tescaro}, D. and {Teshima}, M. and {Tonello}, N. and 
	{Torres}, A. and {Torres}, D.~F. and {Turini}, N. and {Vankov}, H. and 
	{Vitale}, V. and {Wagner}, R.~M. and {Wibig}, T. and {Wittek}, W. and 
	{Zanin}, R. and {Zapatero}, J.},
    title = "{Variable Very-High-Energy Gamma-Ray Emission from the Microquasar LS I +61 303}",
  journal = {Science},
   eprint = {astro-ph/0605549},
     year = 2006,
    month = jun,
   volume = 312,
    pages = {1771-1773},
      doi = {10.1126/science.1128177},
   adsurl = {http://adsabs.harvard.edu/abs/2006Sci...312.1771A},
  adsnote = {Provided by the SAO/NASA Astrophysics Data System}
}
@ARTICLE{2005A&A...442....1A,
   author = {{H.E.S.S. Collaboration}},
    title = "{Discovery of the binary pulsar PSR B1259-63 in very-high-energy gamma rays around periastron with HESS}",
  journal = {\aap},
   eprint = {astro-ph/0506280},
 keywords = {gamma-rays: observations, stars: pulsars: individual: PSR B1259-63},
     year = 2005,
    month = oct,
   volume = 442,
    pages = {1-10},
      doi = {10.1051/0004-6361:20052983},
   adsurl = {http://adsabs.harvard.edu/abs/2005A%26A...442....1A},
  adsnote = {Provided by the SAO/NASA Astrophysics Data System}
}

@ARTICLE{2009MNRAS.396.1743P,
   author = {{Pittard}, J.~M.},
    title = "{3D models of radiatively driven colliding winds in massive O+O star binaries - I. Hydrodynamics}",
  journal = {\mnras},
archivePrefix = "arXiv",
   eprint = {0904.0164},
 primaryClass = "astro-ph.SR",
 keywords = {shock waves , hydrodynamics , binaries: general , stars: early-type , stars: mass-loss , stars: winds, outflows},
     year = 2009,
    month = jul,
   volume = 396,
    pages = {1743-1763},
      doi = {10.1111/j.1365-2966.2009.14857.x},
   adsurl = {http://adsabs.harvard.edu/abs/2009MNRAS.396.1743P},
  adsnote = {Provided by the SAO/NASA Astrophysics Data System}
}

@ARTICLE{2011MNRAS.418.2618L,
   author = {{Lamberts}, A. and {Fromang}, S. and {Dubus}, G.},
    title = "{High-resolution numerical simulations of unstable colliding stellar winds}",
  journal = {\mnras},
archivePrefix = "arXiv",
   eprint = {1109.1434},
 primaryClass = "astro-ph.SR",
 keywords = {hydrodynamics, instabilities, methods: numerical, binaries: general, stars: massive, stars: winds, outflows},
     year = 2011,
    month = dec,
   volume = 418,
    pages = {2618-2629},
      doi = {10.1111/j.1365-2966.2011.19653.x},
   adsurl = {http://adsabs.harvard.edu/abs/2011MNRAS.418.2618L},
  adsnote = {Provided by the SAO/NASA Astrophysics Data System}
}

@ARTICLE{2010MNRAS.403.1873Z,
   author = {{Zdziarski}, A.~A. and {Neronov}, A. and {Chernyakova}, M.},
    title = "{A compact pulsar wind nebula model of the {$\gamma$}-ray-loud binary LS I +61{\cir}303}",
  journal = {\mnras},
archivePrefix = "arXiv",
   eprint = {0802.1174},
 keywords = {radiation mechanisms: non-thermal, stars: individual: LS I +61{\deg}303, gamma-rays: theory, X-rays: binaries, X-rays: individual: LS I +61{\deg}303},
     year = 2010,
    month = apr,
   volume = 403,
    pages = {1873-1886},
      doi = {10.1111/j.1365-2966.2010.16263.x},
   adsurl = {http://adsabs.harvard.edu/abs/2010MNRAS.403.1873Z},
  adsnote = {Provided by the SAO/NASA Astrophysics Data System}
}

@ARTICLE{2012A&A...546A..60L,
   author = {{Lamberts}, A. and {Dubus}, G. and {Lesur}, G. and {Fromang}, S.
	},
    title = "{Impact of orbital motion on the structure and stability of adiabatic shocks in colliding wind binaries}",
  journal = {\aap},
archivePrefix = "arXiv",
   eprint = {1202.2060},
 primaryClass = "astro-ph.SR",
 keywords = {instabilities, binaries: general, stars: individual: WR 104, stars: winds, outflows, hydrodynamics},
     year = 2012,
    month = oct,
   volume = 546,
      eid = {A60},
    pages = {A60},
      doi = {10.1051/0004-6361/201219006},
   adsurl = {http://adsabs.harvard.edu/abs/2012A%26A...546A..60L},
  adsnote = {Provided by the SAO/NASA Astrophysics Data System}
}


@ARTICLE{2012A&A...544A..59B,
   author = {{Bosch-Ramon}, V. and {Barkov}, M.~V. and {Khangulyan}, D. and 
	{Perucho}, M.},
    title = "{Simulations of stellar/pulsar-wind interaction along one full orbit}",
  journal = {\aap},
archivePrefix = "arXiv",
   eprint = {1203.5528},
 primaryClass = "astro-ph.HE",
 keywords = {hydrodynamics, X-rays: binaries, stars: winds, outflows, radiation mechanisms: non-thermal, gamma rays: stars},
     year = 2012,
    month = aug,
   volume = 544,
      eid = {A59},
    pages = {A59},
      doi = {10.1051/0004-6361/201219251},
   adsurl = {http://adsabs.harvard.edu/abs/2012A%26A...544A..59B},
  adsnote = {Provided by the SAO/NASA Astrophysics Data System}
}

@ARTICLE{2013A&A...560A..79L,
   author = {{Lamberts}, A. and {Fromang}, S. and {Dubus}, G. and {Teyssier}, R.
	},
    title = "{Simulating gamma-ray binaries with a relativistic extension of RAMSES}",
  journal = {\aap},
archivePrefix = "arXiv",
   eprint = {1309.7629},
 primaryClass = "astro-ph.IM",
 keywords = {hydrodynamics, relativistic processes, methods: numerical, X-rays: binaries, gamma rays: stars},
     year = 2013,
    month = dec,
   volume = 560,
      eid = {A79},
    pages = {A79},
      doi = {10.1051/0004-6361/201322266},
   adsurl = {http://adsabs.harvard.edu/abs/2013A%26A...560A..79L},
  adsnote = {Provided by the SAO/NASA Astrophysics Data System}
}

@ARTICLE{2008MNRAS.387...63B,
   author = {{Bogovalov}, S.~V. and {Khangulyan}, D.~V. and {Koldoba}, A.~V. and 
	{Ustyugova}, G.~V. and {Aharonian}, F.~A.},
    title = "{Modelling interaction of relativistic and non-relativistic winds in binary system PSR B1259-63/SS2883 - I. Hydrodynamical limit}",
  journal = {\mnras},
archivePrefix = "arXiv",
   eprint = {0710.1961},
 keywords = {hydrodynamics , shock waves , methods: numerical , binaries: close , pulsars: general , pulsars: individual: PSR B1259-63},
     year = 2008,
    month = jun,
   volume = 387,
    pages = {63-72},
      doi = {10.1111/j.1365-2966.2008.13226.x},
   adsurl = {http://adsabs.harvard.edu/abs/2008MNRAS.387...63B},
  adsnote = {Provided by the SAO/NASA Astrophysics Data System}
}

@ARTICLE{2010A&A...516A..18D,
   author = {{Dubus}, G. and {Cerutti}, B. and {Henri}, G.},
    title = "{Relativistic Doppler-boosted emission in gamma-ray binaries}",
  journal = {\aap},
archivePrefix = "arXiv",
   eprint = {1004.0511},
 primaryClass = "astro-ph.HE",
 keywords = {radiation mechanisms: non-thermal, gamma rays: stars, X-rays: binaries, astroparticle physics},
     year = 2010,
    month = jun,
   volume = 516,
      eid = {A18},
    pages = {A18},
      doi = {10.1051/0004-6361/201014023},
   adsurl = {http://adsabs.harvard.edu/abs/2010A%26A...516A..18D},
  adsnote = {Provided by the SAO/NASA Astrophysics Data System}
}

@ARTICLE{2010A&A...519A..81C,
   author = {{Cerutti}, B. and {Malzac}, J. and {Dubus}, G. and {Henri}, G.
	},
    title = "{Modeling the three-dimensional pair cascade in binaries. Application to LS 5039}",
  journal = {\aap},
archivePrefix = "arXiv",
   eprint = {1006.2683},
 primaryClass = "astro-ph.HE",
 keywords = {radiation mechanisms: non-thermal, stars: individual: LS 5039, X-rays: binaries, gamma rays: general},
     year = 2010,
    month = sep,
   volume = 519,
      eid = {A81},
    pages = {A81},
      doi = {10.1051/0004-6361/201014459},
   adsurl = {http://adsabs.harvard.edu/abs/2010A%26A...519A..81C},
  adsnote = {Provided by the SAO/NASA Astrophysics Data System}
}

@ARTICLE{2011MNRAS.412.1721V,
   author = {{van Soelen}, B. and {Meintjes}, P.~J.},
    title = "{The effect of the infrared excess from the Be star on inverse Compton gamma-ray production in PSR B1259-63/SS 2883}",
  journal = {\mnras},
archivePrefix = "arXiv",
   eprint = {1011.2004},
 primaryClass = "astro-ph.HE",
 keywords = {radiation mechanisms: non-thermal, pulsars: individual: PSR B1259-63, X-rays: binaries},
     year = 2011,
    month = apr,
   volume = 412,
    pages = {1721-1729},
      doi = {10.1111/j.1365-2966.2010.18008.x},
   adsurl = {http://adsabs.harvard.edu/abs/2011MNRAS.412.1721V},
  adsnote = {Provided by the SAO/NASA Astrophysics Data System}
}

@ARTICLE{2012MNRAS.426.3135V,
   author = {{van Soelen}, B. and {Meintjes}, P.~J. and {Odendaal}, A. and 
	{Townsend}, L.~J.},
    title = "{Anisotropic inverse Compton scattering of photons from the circumstellar disc in PSR B1259-63}",
  journal = {\mnras},
 keywords = {radiation mechanisms: non-thermal, pulsars: individual: PSR B1259-63, X-rays: binaries},
     year = 2012,
    month = nov,
   volume = 426,
    pages = {3135-3147},
      doi = {10.1111/j.1365-2966.2012.21870.x},
   adsurl = {http://adsabs.harvard.edu/abs/2012MNRAS.426.3135V},
  adsnote = {Provided by the SAO/NASA Astrophysics Data System}
}

@ARTICLE{2015MNRAS.454.1358C,
   author = {{Chernyakova}, M. and {Neronov}, A. and {van Soelen}, B. and 
	{Callanan}, P. and {O'Shaughnessy}, L. and {Babyk}, I. and {Tsygankov}, S. and 
	{Vovk}, I. and {Krivonos}, R. and {Tomsick}, J.~A. and {Malyshev}, D. and 
	{Li}, J. and {Wood}, K. and {Torres}, D. and {Zhang}, S. and 
	{Kretschmar}, P. and {McSwain}, M.~V. and {Buckley}, D.~A.~H. and 
	{Koen}, C.},
    title = "{Multi-wavelength observations of the binary system PSR B1259-63/LS 2883 around the 2014 periastron passage}",
  journal = {\mnras},
archivePrefix = "arXiv",
   eprint = {1508.01339},
 primaryClass = "astro-ph.HE",
 keywords = {stars: emission-line, Be, pulsars: individual: PSR B1259-63, gamma rays: stars, X-rays: binaries, X-rays: individual: PSR B1259-63},
     year = 2015,
    month = dec,
   volume = 454,
    pages = {1358-1370},
      doi = {10.1093/mnras/stv1988},
   adsurl = {http://adsabs.harvard.edu/abs/2015MNRAS.454.1358C},
  adsnote = {Provided by the SAO/NASA Astrophysics Data System}
}



@ARTICLE{2014ApJ...790...18T,
   author = {{Takata}, J. and {Leung}, G.~C.~K. and {Tam}, P.~H.~T. and {Kong}, A.~K.~H. and 
	{Hui}, C.~Y. and {Cheng}, K.~S.},
    title = "{High-energy Emissions from the Gamma-Ray Binary LS 5039}",
  journal = {\apj},
archivePrefix = "arXiv",
   eprint = {1406.6179},
 primaryClass = "astro-ph.HE",
 keywords = {gamma rays: stars, methods: observational, methods: numerical, radiation mechanisms: non-thermal, stars: neutron, X-rays: binaries},
     year = 2014,
    month = jul,
   volume = 790,
      eid = {18},
    pages = {18},
      doi = {10.1088/0004-637X/790/1/18},
   adsurl = {http://adsabs.harvard.edu/abs/2014ApJ...790...18T},
  adsnote = {Provided by the SAO/NASA Astrophysics Data System}
}
@ARTICLE{2014A&A...565A..38C,
   author = {{Collmar}, W. and {Zhang}, S.},
    title = "{LS 5039 - the counterpart of the unidentified MeV source GRO J1823-12}",
  journal = {\aap},
archivePrefix = "arXiv",
   eprint = {1402.2525},
 primaryClass = "astro-ph.HE",
 keywords = {X-rays: binaries, X-rays: individuals: LS 5039/GRO J1823-12, gamma rays: stars},
     year = 2014,
    month = may,
   volume = 565,
      eid = {A38},
    pages = {A38},
      doi = {10.1051/0004-6361/201323193},
   adsurl = {http://adsabs.harvard.edu/abs/2014A%26A...565A..38C},
  adsnote = {Provided by the SAO/NASA Astrophysics Data System}
}
@ARTICLE{2011MNRAS.411..193S,
   author = {{Szostek}, A. and {Dubus}, G.},
    title = "{X-ray absorption and occultation in LS 5039}",
  journal = {\mnras},
archivePrefix = "arXiv",
   eprint = {1009.1980},
 primaryClass = "astro-ph.HE",
 keywords = {binaries: close, binaries: eclipsing, stars: individual: LS 5039, stars: mass-loss, gamma-rays: stars, X-rays: binaries},
     year = 2011,
    month = feb,
   volume = 411,
    pages = {193-199},
      doi = {10.1111/j.1365-2966.2010.17671.x},
   adsurl = {http://adsabs.harvard.edu/abs/2011MNRAS.411..193S},
  adsnote = {Provided by the SAO/NASA Astrophysics Data System}
}
@ARTICLE{2015MNRAS.451...59M,
   author = {{Marcote}, B. and {Rib{\'o}}, M. and {Paredes}, J.~M. and {Ishwara-Chandra}, C.~H.
	},
    title = "{Physical properties of the gamma-ray binary LS 5039 through low- and high-frequency radio observations}",
  journal = {\mnras},
archivePrefix = "arXiv",
   eprint = {1504.07253},
 primaryClass = "astro-ph.HE",
 keywords = {radiation mechanisms: non-thermal, instrumentation: interferometers, binaries: close, stars: individual: LS 5039, gamma rays: stars, radio continuum: stars},
     year = 2015,
    month = jul,
   volume = 451,
    pages = {59-73},
      doi = {10.1093/mnras/stv940},
   adsurl = {http://adsabs.harvard.edu/abs/2015MNRAS.451...59M},
  adsnote = {Provided by the SAO/NASA Astrophysics Data System}
}
@INPROCEEDINGS{2006smqw.confE..52D,
   author = {{Dhawan}, V. and {Mioduszewski}, A. and {Rupen}, M.},
    title = "{LS I +61 303 is a Be-Pulsar binary, not a Microquasar}",
booktitle = {VI Microquasar Workshop: Microquasars and Beyond},
     year = 2006,
    pages = {52.1},
   adsurl = {http://adsabs.harvard.edu/abs/2006smqw.confE..52D},
  adsnote = {Provided by the SAO/NASA Astrophysics Data System}
}
@INPROCEEDINGS{2012AIPC.1505..386M,
   author = {{Mold{\'o}n}, J. and {Rib{\'o}}, M. and {Paredes}, J.~M.},
    title = "{Periodic morphological changes in gamma-ray binaries}",
 keywords = {binary stars, gamma-ray sources (astronomical), pulsars, variable stars, X-ray sources (astronomical), Radio microwave, Emission-line stars, Pulsars, Spectroscopic binaries, close binaries, X-ray sources, X-ray bursts, gamma-ray sources, gamma-ray bursts},
booktitle = {American Institute of Physics Conference Series},
     year = 2012,
   series = {American Institute of Physics Conference Series},
   volume = 1505,
archivePrefix = "arXiv",
   eprint = {1210.7702},
 primaryClass = "astro-ph.HE",
   editor = {{Aharonian}, F.~A. and {Hofmann}, W. and {Rieger}, F.~M.},
    month = dec,
    pages = {386-389},
      doi = {10.1063/1.4772278},
   adsurl = {http://adsabs.harvard.edu/abs/2012AIPC.1505..386M},
  adsnote = {Provided by the SAO/NASA Astrophysics Data System}
}
@ARTICLE{2011ApJ...732L..10M,
   author = {{Mold{\'o}n}, J. and {Johnston}, S. and {Rib{\'o}}, M. and {Paredes}, J.~M. and 
	{Deller}, A.~T.},
    title = "{Discovery of Extended and Variable Radio Structure from the Gamma-ray Binary System PSR B1259-63/LS 2883}",
  journal = {\apjl},
archivePrefix = "arXiv",
   eprint = {1103.1411},
 primaryClass = "astro-ph.HE",
 keywords = {gamma rays: stars, pulsars: individual: PSR B1259{\ndash}63, radio continuum: stars, stars: emission-line, Be, stars: individual: LS 2883, X-rays: binaries},
     year = 2011,
    month = may,
   volume = 732,
      eid = {L10},
    pages = {L10},
      doi = {10.1088/2041-8205/732/1/L10},
   adsurl = {http://adsabs.harvard.edu/abs/2011ApJ...732L..10M},
  adsnote = {Provided by the SAO/NASA Astrophysics Data System}
}
@ARTICLE{2009ApJ...697..592T,
   author = {{Takahashi}, T. and {Kishishita}, T. and {Uchiyama}, Y. and 
	{Tanaka}, T. and {Yamaoka}, K. and {Khangulyan}, D. and {Aharonian}, F.~A. and 
	{Bosch-Ramon}, V. and {Hinton}, J.~A.},
    title = "{Study of the Spectral and Temporal Characteristics of X-Ray Emission of the Gamma-Ray Binary LS 5039 with Suzaku}",
  journal = {\apj},
archivePrefix = "arXiv",
   eprint = {0812.3358},
 keywords = {acceleration of particles, X-rays: binaries, X-rays: individual: LS 5039},
     year = 2009,
    month = may,
   volume = 697,
    pages = {592-600},
      doi = {10.1088/0004-637X/697/1/592},
   adsurl = {http://adsabs.harvard.edu/abs/2009ApJ...697..592T},
  adsnote = {Provided by the SAO/NASA Astrophysics Data System}
}
@ARTICLE{2009ApJ...706L..56A,
   author = {{Fermi-LAT Collaboration}},
    title = "{Fermi/LAT observations of LS 5039}",
  journal = {\apjl},
archivePrefix = "arXiv",
   eprint = {0910.5520},
 primaryClass = "astro-ph.HE",
 keywords = {binaries: close, gamma rays: observations, stars: variables: other, X-rays: binaries, X-rays: individual: LS 5039},
     year = 2009,
    month = nov,
   volume = 706,
    pages = {L56-L61},
      doi = {10.1088/0004-637X/706/1/L56},
   adsurl = {http://adsabs.harvard.edu/abs/2009ApJ...706L..56A},
  adsnote = {Provided by the SAO/NASA Astrophysics Data System}
}
s.harvard.edu/abs/1992A%26A...265L..45P},
  adsnote = {Provided by the SAO/NASA Astrophysics Data System}
}

@ARTICLE{2013A&ARv..21...69R,
   author = {{Rivinius}, T. and {Carciofi}, A.~C. and {Martayan}, C.},
    title = "{Classical Be stars. Rapidly rotating B stars with viscous Keplerian decretion disks}",
  journal = {\aapr},
archivePrefix = "arXiv",
   eprint = {1310.3962},
 primaryClass = "astro-ph.SR",
 keywords = {Stars: emission-line, Be, Stars: rotation, Stars: oscillations, Stars: winds, outflows, Stars: circumstellar matter},
     year = 2013,
    month = oct,
   volume = 21,
      eid = {69},
    pages = {69},
      doi = {10.1007/s00159-013-0069-0},
   adsurl = {http://adsabs.harvard.edu/abs/2013A%26ARv..21...69R},
  adsnote = {Provided by the SAO/NASA Astrophysics Data System}
}



@ARTICLE{2003PASP..115.1153P,
   author = {{Porter}, J.~M. and {Rivinius}, T.},
    title = "{Classical Be Stars}",
  journal = {\pasp},
 keywords = {Stars: Binaries: General, Stars: Circumstellar Matter, Reviews, Stars: Activity, Stars: Emission-Line, Be, Stars: Oscillations, Stars: Rotation, Stars: Winds, Outflows},
     year = 2003,
    month = oct,
   volume = 115,
    pages = {1153-1170},
      doi = {10.1086/378307},
   adsurl = {http://adsabs.harvard.edu/abs/2003PASP..115.1153P},
  adsnote = {Provided by the SAO/NASA Astrophysics Data System}
}


@ARTICLE{2005A&A...442....1A,
   author = {{H.E.S.S. Collaboration}},
    title = "{Discovery of the binary pulsar PSR B1259-63 in very-high-energy gamma rays around periastron with HESS}",
  journal = {\aap},
   eprint = {astro-ph/0506280},
 keywords = {gamma-rays: observations, stars: pulsars: individual: PSR B1259-63},
     year = 2005,
    month = oct,
   volume = 442,
    pages = {1-10},
      doi = {10.1051/0004-6361:20052983},
   adsurl = {http://adsabs.harvard.edu/abs/2005A%26A...442....1A},
  adsnote = {Provided by the SAO/NASA Astrophysics Data System}
}

@ARTICLE{2007MNRAS.380..320K,
   author = {{Khangulyan}, D. and {Hnatic}, S. and {Aharonian}, F. and {Bogovalov}, S.
	},
    title = "{TeV light curve of PSR B1259-63/SS2883}",
  journal = {\mnras},
   eprint = {astro-ph/0605663},
 keywords = {acceleration of particles, stars: individual: PSR B1259-63, gamma-rays: theory},
     year = 2007,
    month = sep,
   volume = 380,
    pages = {320-330},
      doi = {10.1111/j.1365-2966.2007.12075.x},
   adsurl = {http://adsabs.harvard.edu/abs/2007MNRAS.380..320K},
  adsnote = {Provided by the SAO/NASA Astrophysics Data System}
}

@ARTICLE{1997ApJ...477..439T,
   author = {{Tavani}, M. and {Arons}, J.},
    title = "{Theory of High-Energy Emission from the Pulsar/Be Star System PSR 1259-63. I. Radiation Mechanisms and Interaction Geometry}",
  journal = {\apj},
   eprint = {astro-ph/9609086},
 keywords = {Stars: Binaries: Close, Stars: Pulsars: Individual: Alphanumeric: PSR B1259-63, Radiation Mechanisms: Nonthermal, Shock Waves, Stars: Emission-Line, Be, X-Rays: Stars},
     year = 1997,
    month = mar,
   volume = 477,
    pages = {439-464},
   adsurl = {http://adsabs.harvard.edu/abs/1997ApJ...477..439T},
  adsnote = {Provided by the SAO/NASA Astrophysics Data System}
}

@ARTICLE{2012ApJ...752L..17K,
   author = {{Khangulyan}, D. and {Aharonian}, F.~A. and {Bogovalov}, S.~V. and 
	{Rib{\'o}}, M.},
    title = "{Post-periastron Gamma-Ray Flare from PSR B1259-63/LS 2883 as a Result of Comptonization of the Cold Pulsar Wind}",
  journal = {\apjl},
archivePrefix = "arXiv",
   eprint = {1107.4833},
 primaryClass = "astro-ph.HE",
 keywords = {binaries: close, gamma rays: stars, pulsars: individual: PSR B1259-63, stars: individual: LS2883},
     year = 2012,
    month = jun,
   volume = 752,
      eid = {L17},
    pages = {L17},
      doi = {10.1088/2041-8205/752/1/L17},
   adsurl = {http://adsabs.harvard.edu/abs/2012ApJ...752L..17K},
  adsnote = {Provided by the SAO/NASA Astrophysics Data System}
}


@ARTICLE{2013A&A...551A..17Z,
   author = {{Zabalza}, V. and {Bosch-Ramon}, V. and {Aharonian}, F. and 
	{Khangulyan}, D.},
    title = "{Unraveling the high-energy emission components of gamma-ray binaries}",
  journal = {\aap},
archivePrefix = "arXiv",
   eprint = {1212.3222},
 primaryClass = "astro-ph.HE",
 keywords = {radiation mechanisms: non-thermal, gamma rays: stars, binaries: general},
     year = 2013,
    month = mar,
   volume = 551,
      eid = {A17},
    pages = {A17},
      doi = {10.1051/0004-6361/201220589},
   adsurl = {http://adsabs.harvard.edu/abs/2013A%26A...551A..17Z},
  adsnote = {Provided by the SAO/NASA Astrophysics Data System}
}


@ARTICLE{2011ApJ...742...98K,
   author = {{Khangulyan}, D. and {Aharonian}, F.~A. and {Bogovalov}, S.~V. and 
	{Rib{\'o}}, M.},
    title = "{Gamma-Ray Signal from the Pulsar Wind in the Binary Pulsar System PSR B1259-63/LS 2883}",
  journal = {\apj},
archivePrefix = "arXiv",
   eprint = {1104.0211},
 primaryClass = "astro-ph.HE",
 keywords = {binaries: close, gamma rays: stars, pulsars: individual: PSR B1259{\ndash}63},
     year = 2011,
    month = dec,
   volume = 742,
      eid = {98},
    pages = {98},
      doi = {10.1088/0004-637X/742/2/98},
   adsurl = {http://adsabs.harvard.edu/abs/2011ApJ...742...98K},
  adsnote = {Provided by the SAO/NASA Astrophysics Data System}
}



@ARTICLE{2008A&A...488...37C,
   author = {{Cerutti}, B. and {Dubus}, G. and {Henri}, G.},
    title = "{Spectral signature of a free pulsar wind in the gamma-ray binaries LS 5039 and LSI +61{\deg}303}",
  journal = {\aap},
archivePrefix = "arXiv",
   eprint = {0807.1226},
 keywords = {radiation mechanisms: non-thermal, stars: individual: LS 5039, stars: individual: LSI +61{\deg} 303, stars: pulsars: general - gamma rays: theory, X-rays: binaries},
     year = 2008,
    month = sep,
   volume = 488,
    pages = {37-46},
      doi = {10.1051/0004-6361:200809939},
   adsurl = {http://adsabs.harvard.edu/abs/2008A%26A...488...37C},
  adsnote = {Provided by the SAO/NASA Astrophysics Data System}
}


@ARTICLE{1997A&A...318..548O,
   author = {{Okazaki}, A.~T.},
    title = "{On the confinement of one-armed oscillations in discs of Be stars.}",
  journal = {\aap},
 keywords = {GLOBAL DISC OSCILLATION, HYDRODYNAMICS, RADIATIVE TRANSFER, STARS: CIRCUMSTELLAR MATTER, STARS: EMISSION LINE, BE},
     year = 1997,
    month = feb,
   volume = 318,
    pages = {548-560},
   adsurl = {http://adsabs.harvard.edu/abs/1997A%26A...318..548O},
  adsnote = {Provided by the SAO/NASA Astrophysics Data System}
}



@ARTICLE{2011MNRAS.411.1293S,
   author = {{Sarty}, G.~E. and {Szalai}, T. and {Kiss}, L.~L. and {Matthews}, J.~M. and 
	{Wu}, K. and {Kuschnig}, R. and {Guenther}, D.~B. and {Moffat}, A.~F.~J. and 
	{Rucinski}, S.~M. and {Sasselov}, D. and {Weiss}, W.~W. and 
	{Huziak}, R. and {Johnston}, H.~M. and {Phillips}, A. and {Ashley}, M.~C.~B.
	},
    title = "{The {$\gamma$}-ray binary LS 5039: mass and orbit constraints from MOST observations}",
  journal = {\mnras},
archivePrefix = "arXiv",
   eprint = {1009.5150},
 primaryClass = "astro-ph.HE",
 keywords = {stars: binaries: close, circumstellar matter, stars: individual: LS 5039},
     year = 2011,
    month = feb,
   volume = 411,
    pages = {1293-1300},
      doi = {10.1111/j.1365-2966.2010.17757.x},
   adsurl = {http://adsabs.harvard.edu/abs/2011MNRAS.411.1293S},
  adsnote = {Provided by the SAO/NASA Astrophysics Data System}
}



@ARTICLE{2007A&A...473..545B,
   author = {{Bosch-Ramon}, V. and {Motch}, C. and {Rib{\'o}}, M. and {Lopes de Oliveira}, R. and 
	{Janot-Pacheco}, E. and {Negueruela}, I. and {Paredes}, J.~M. and 
	{Martocchia}, A.},
    title = "{Exploring the connection between the stellar wind and the non-thermal emission in LS 5039}",
  journal = {\aap},
   eprint = {astro-ph/0703499},
 keywords = {X-rays: binaries, stars: individual: LS 5039, radiation mechanisms: non-thermal},
     year = 2007,
    month = oct,
   volume = 473,
    pages = {545-550},
      doi = {10.1051/0004-6361:20077508},
   adsurl = {http://adsabs.harvard.edu/abs/2007A%26A...473..545B},
  adsnote = {Provided by the SAO/NASA Astrophysics Data System}
}



@ARTICLE{2010MNRAS.403.1873Z,
   author = {{Zdziarski}, A.~A. and {Neronov}, A. and {Chernyakova}, M.},
    title = "{A compact pulsar wind nebula model of the {$\gamma$}-ray-loud binary LS I +61{\cir}303}",
  journal = {\mnras},
archivePrefix = "arXiv",
   eprint = {0802.1174},
 keywords = {radiation mechanisms: non-thermal, stars: individual: LS I +61{\deg}303, gamma-rays: theory, X-rays: binaries, X-rays: individual: LS I +61{\deg}303},
     year = 2010,
    month = apr,
   volume = 403,
    pages = {1873-1886},
      doi = {10.1111/j.1365-2966.2010.16263.x},
   adsurl = {http://adsabs.harvard.edu/abs/2010MNRAS.403.1873Z},
  adsnote = {Provided by the SAO/NASA Astrophysics Data System}
}

@ARTICLE{2002MNRAS.337..967O,
   author = {{Okazaki}, A.~T. and {Bate}, M.~R. and {Ogilvie}, G.~I. and 
	{Pringle}, J.~E.},
    title = "{Viscous effects on the interaction between the coplanar decretion disc and the neutron star in Be/X-ray binaries}",
  journal = {\mnras},
   eprint = {astro-ph/0208288},
 keywords = {accretion, accretion discs, hydrodynamics, instabilities, binaries: close, stars: emission-line, Be, X-rays: stars},
     year = 2002,
    month = dec,
   volume = 337,
    pages = {967-980},
      doi = {10.1046/j.1365-8711.2002.05960.x},
   adsurl = {http://adsabs.harvard.edu/abs/2002MNRAS.337..967O},
  adsnote = {Provided by the SAO/NASA Astrophysics Data System}
}
@ARTICLE{2014ApJ...790L..34M,
   author = {{Martin}, R.~G. and {Nixon}, C. and {Armitage}, P.~J. and {Lubow}, S.~H. and 
	{Price}, D.~J.},
    title = "{Giant Outbursts in Be/X-Ray Binaries}",
  journal = {\apjl},
archivePrefix = "arXiv",
   eprint = {1407.5676},
 primaryClass = "astro-ph.HE",
 keywords = {accretion, accretion disks, binaries: general, stars: emission-line, Be },
     year = 2014,
    month = aug,
   volume = 790,
      eid = {L34},
    pages = {L34},
      doi = {10.1088/2041-8205/790/2/L34},
   adsurl = {http://adsabs.harvard.edu/abs/2014ApJ...790L..34M},
  adsnote = {Provided by the SAO/NASA Astrophysics Data System}
}



@ARTICLE{2011PASJ...63L..25M,
   author = {{Moritani}, Y. and {Nogami}, D. and {Okazaki}, A.~T. and {Imada}, A. and 
	{Kambe}, E. and {Honda}, S. and {Hashimoto}, O. and {Ichikawa}, K.
	},
    title = "{Drastic Spectroscopic Variability of the Be/X-Ray Binary Ariel 0535+262/V725 Tau during and after the 2009 Giant Outburst}",
  journal = {\pasj},
archivePrefix = "arXiv",
   eprint = {1105.4721},
 primaryClass = "astro-ph.SR",
 keywords = {stars: Be, stars: binaries: spectroscopic, stars: emission-line, stars: individual (Ariel 0535+262 = HDE 245770)},
     year = 2011,
    month = aug,
   volume = 63,
    pages = {L25},
      doi = {10.1093/pasj/63.4.L25},
   adsurl = {http://adsabs.harvard.edu/abs/2011PASJ...63L..25M},
  adsnote = {Provided by the SAO/NASA Astrophysics Data System}
}



@ARTICLE{2011PASJ...63..893O,
   author = {{Okazaki}, A.~T. and {Nagataki}, S. and {Naito}, T. and {Kawachi}, A. and 
	{Hayasaki}, K. and {Owocki}, S.~P. and {Takata}, J.},
    title = "{Hydrodynamic Interaction between the Be Star and the Pulsar in the TeV Binary PSR B1259-63/LS 2883}",
  journal = {\pasj},
archivePrefix = "arXiv",
   eprint = {1105.1481},
 primaryClass = "astro-ph.HE",
 keywords = {gamma rays: theory, stars: emission-line, Be, stars: individual (PSR B1259-63, LS 2883), stars: winds, outflows},
     year = 2011,
    month = aug,
   volume = 63,
    pages = {893-},
      doi = {10.1093/pasj/63.4.893},
   adsurl = {http://adsabs.harvard.edu/abs/2011PASJ...63..893O},
  adsnote = {Provided by the SAO/NASA Astrophysics Data System}
}

@ARTICLE{2012ApJ...750...70T,
   author = {{Takata}, J. and {Okazaki}, A.~T. and {Nagataki}, S. and {Naito}, T. and 
	{Kawachi}, A. and {Lee}, S.-H. and {Mori}, M. and {Hayasaki}, K. and 
	{Yamaguchi}, M.~S. and {Owocki}, S.~P.},
    title = "{Modeling High-energy Light curves of the PSR B1259-63/LS 2883 Binary Based on 3D SPH Simulations}",
  journal = {\apj},
archivePrefix = "arXiv",
   eprint = {1203.2179},
 primaryClass = "astro-ph.HE",
 keywords = {hydrodynamics, pulsars: individual: PSR B1259{\ndash}63, radiation mechanisms: non-thermal, stars: individual: LS 2883},
     year = 2012,
    month = may,
   volume = 750,
      eid = {70},
    pages = {70},
      doi = {10.1088/0004-637X/750/1/70},
   adsurl = {http://adsabs.harvard.edu/abs/2012ApJ...750...70T},
  adsnote = {Provided by the SAO/NASA Astrophysics Data System}
}


@ARTICLE{2007MNRAS.378.1118M,
   author = {{Mignone}, A. and {McKinney}, J.~C.},
    title = "{Equation of state in relativistic magnetohydrodynamics: variable versus constant adiabatic index}",
  journal = {\mnras},
archivePrefix = "arXiv",
   eprint = {0704.1679},
 keywords = {equation of state, hydrodynamics, MHD, relativity, shock waves, methods: numerical},
     year = 2007,
    month = jul,
   volume = 378,
    pages = {1118-1130},
      doi = {10.1111/j.1365-2966.2007.11849.x},
   adsurl = {http://adsabs.harvard.edu/abs/2007MNRAS.378.1118M},
  adsnote = {Provided by the SAO/NASA Astrophysics Data System}
}
@ARTICLE{2012ApJ...744L..15C,
   author = {{Carciofi}, A.~C. and {Bjorkman}, J.~E. and {Otero}, S.~A. and 
	{Okazaki}, A.~T. and {{\v S}tefl}, S. and {Rivinius}, T. and 
	{Baade}, D. and {Haubois}, X.},
    title = "{The First Determination of the Viscosity Parameter in the Circumstellar Disk of a Be Star}",
  journal = {\apjl},
archivePrefix = "arXiv",
   eprint = {1112.0053},
 primaryClass = "astro-ph.SR",
 keywords = {circumstellar matter, stars: activity, stars: emission-line, Be, stars: individual: 28 CMa},
     year = 2012,
    month = jan,
   volume = 744,
      eid = {L15},
    pages = {L15},
      doi = {10.1088/2041-8205/744/1/L15},
   adsurl = {http://adsabs.harvard.edu/abs/2012ApJ...744L..15C},
  adsnote = {Provided by the SAO/NASA Astrophysics Data System}
}

@ARTICLE{2009MNRAS.397.1563M,
   author = {{Martin}, R.~G. and {Tout}, C.~A. and {Pringle}, J.~E.},
    title = "{Supernova kicks and misaligned Be star binaries}",
  journal = {\mnras},
archivePrefix = "arXiv",
   eprint = {0905.2362},
 primaryClass = "astro-ph.SR",
 keywords = {accretion, accretion discs , stars: emission lines, Be , stars: neutron , X-rays: binaries},
     year = 2009,
    month = aug,
   volume = 397,
    pages = {1563-1576},
      doi = {10.1111/j.1365-2966.2009.15031.x},
   adsurl = {http://adsabs.harvard.edu/abs/2009MNRAS.397.1563M},
  adsnote = {Provided by the SAO/NASA Astrophysics Data System}
}

@ARTICLE{2005MNRAS.360..974H,
   author = {{Hobbs}, G. and {Lorimer}, D.~R. and {Lyne}, A.~G. and {Kramer}, M.
	},
    title = "{A statistical study of 233 pulsar proper motions}",
  journal = {\mnras},
   eprint = {astro-ph/0504584},
 keywords = {stars: kinematics, pulsars: general},
     year = 2005,
    month = jul,
   volume = 360,
    pages = {974-992},
      doi = {10.1111/j.1365-2966.2005.09087.x},
   adsurl = {http://adsabs.harvard.edu/abs/2005MNRAS.360..974H},
  adsnote = {Provided by the SAO/NASA Astrophysics Data System}
}
@ARTICLE{2012MNRAS.421.1103C,
   author = {{Casares}, J. and {Rib{\'o}}, M. and {Ribas}, I. and {Paredes}, J.~M. and 
	{Vilardell}, F. and {Negueruela}, I.},
    title = "{On the binary nature of the {$\gamma$}-ray sources AGL J2241+4454 (= MWC 656) and HESS J0632+057 (= MWC 148)}",
  journal = {\mnras},
archivePrefix = "arXiv",
   eprint = {1201.1726},
 primaryClass = "astro-ph.SR",
 keywords = {stars: emission-line, Be, stars: individual: MWC 656, stars: individual: MWC 148, gamma rays: stars, X-rays: stars.},
     year = 2012,
    month = apr,
   volume = 421,
    pages = {1103-1112},
      doi = {10.1111/j.1365-2966.2011.20368.x},
   adsurl = {http://adsabs.harvard.edu/abs/2012MNRAS.421.1103C},
  adsnote = {Provided by the SAO/NASA Astrophysics Data System}
}


@ARTICLE{2007ApJ...670..747K,
   author = {{Kobulnicky}, H.~A. and {Fryer}, C.~L.},
    title = "{A New Look at the Binary Characteristics of Massive Stars}",
  journal = {\apj},
 keywords = {Stars: Binaries: General, Stars: Binaries: Spectroscopic, Gamma Rays: Bursts, Stars: Early-Type, Stars: Supernovae: General, Techniques: Radial Velocities, X-Rays: Binaries},
     year = 2007,
    month = nov,
   volume = 670,
    pages = {747-765},
      doi = {10.1086/522073},
   adsurl = {http://adsabs.harvard.edu/abs/2007ApJ...670..747K},
  adsnote = {Provided by the SAO/NASA Astrophysics Data System}
}


@INPROCEEDINGS{1987pbes.coll....3C,
   author = {{Collins}, II, G.~W.},
    title = "{The use of terms and definitions in the study of Be stars}",
 keywords = {B Stars, Binary Stars, Stellar Atmospheres, Stellar Models, Stellar Rotation, Stellar Spectra, Distortion, Emission Spectra, Line Spectra, Morphology},
booktitle = {IAU Colloq. 92: Physics of Be Stars},
     year = 1987,
   editor = {{Slettebak}, A. and {Snow}, T.~P.},
    pages = {3-19},
   adsurl = {http://adsabs.harvard.edu/abs/1987pbes.coll....3C},
  adsnote = {Provided by the SAO/NASA Astrophysics Data System}
}

@ARTICLE{2002ApJ...574..364P,
   author = {{Pfahl}, E. and {Rappaport}, S. and {Podsiadlowski}, P. and 
	{Spruit}, H.},
    title = "{A New Class of High-Mass X-Ray Binaries: Implications for Core Collapse and Neutron Star Recoil}",
  journal = {\apj},
   eprint = {astro-ph/0109521},
 keywords = {Stars: Neutron, Stars: Supernovae: General, X-Rays: Stars},
     year = 2002,
    month = jul,
   volume = 574,
    pages = {364-376},
      doi = {10.1086/340794},
   adsurl = {http://adsabs.harvard.edu/abs/2002ApJ...574..364P},
  adsnote = {Provided by the SAO/NASA Astrophysics Data System}
}

@ARTICLE{2009MNRAS.397.1563M,
   author = {{Martin}, R.~G. and {Tout}, C.~A. and {Pringle}, J.~E.},
    title = "{Supernova kicks and misaligned Be star binaries}",
  journal = {\mnras},
archivePrefix = "arXiv",
   eprint = {0905.2362},
 primaryClass = "astro-ph.SR",
 keywords = {accretion, accretion discs , stars: emission lines, Be , stars: neutron , X-rays: binaries},
     year = 2009,
    month = aug,
   volume = 397,
    pages = {1563-1576},
      doi = {10.1111/j.1365-2966.2009.15031.x},
   adsurl = {http://adsabs.harvard.edu/abs/2009MNRAS.397.1563M},
  adsnote = {Provided by the SAO/NASA Astrophysics Data System}
}


@ARTICLE{2012ApJ...756..156H,
   author = {{Haubois}, X. and {Carciofi}, A.~C. and {Rivinius}, T. and {Okazaki}, A.~T. and 
	{Bjorkman}, J.~E.},
    title = "{Dynamical Evolution of Viscous Disks around Be Stars. I. Photometry}",
  journal = {\apj},
archivePrefix = "arXiv",
   eprint = {1207.2612},
 primaryClass = "astro-ph.SR",
 keywords = {circumstellar matter, radiative transfer, stars: emission-line, Be},
     year = 2012,
    month = sep,
   volume = 756,
      eid = {156},
    pages = {156},
      doi = {10.1088/0004-637X/756/2/156},
   adsurl = {http://adsabs.harvard.edu/abs/2012ApJ...756..156H},
  adsnote = {Provided by the SAO/NASA Astrophysics Data System}
}

@ARTICLE{2014ApJ...784..124K,
   author = {{Kargaltsev}, O. and {Pavlov}, G.~G. and {Durant}, M. and {Volkov}, I. and 
	{Hare}, J.},
    title = "{The Dynamic X-Ray Nebula Powered by the Pulsar B1259-63}",
  journal = {\apj},
archivePrefix = "arXiv",
   eprint = {1312.2654},
 primaryClass = "astro-ph.HE",
 keywords = {pulsars: individual: B1259-63, X-rays: binaries, X-rays: individual: LS 2883 },
     year = 2014,
    month = apr,
   volume = 784,
      eid = {124},
    pages = {124},
      doi = {10.1088/0004-637X/784/2/124},
   adsurl = {http://adsabs.harvard.edu/abs/2014ApJ...784..124K},
  adsnote = {Provided by the SAO/NASA Astrophysics Data System}
}


@ARTICLE{2012MNRAS.419.3426B,
   author = {{Bogovalov}, S.~V. and {Khangulyan}, D. and {Koldoba}, A.~V. and 
	{Ustyugova}, G.~V. and {Aharonian}, F.~A.},
    title = "{Modelling the interaction between relativistic and non-relativistic winds in the binary system PSR B1259-63/SS2883- II. Impact of the magnetization and anisotropy of the pulsar wind}",
  journal = {\mnras},
archivePrefix = "arXiv",
   eprint = {1107.4831},
 primaryClass = "astro-ph.HE",
 keywords = {hydrodynamics, MHD, shock waves, pulsars: general},
     year = 2012,
    month = feb,
   volume = 419,
    pages = {3426-3432},
      doi = {10.1111/j.1365-2966.2011.19983.x},
   adsurl = {http://adsabs.harvard.edu/abs/2012MNRAS.419.3426B},
  adsnote = {Provided by the SAO/NASA Astrophysics Data System}
}

@ARTICLE{2008MNRAS.387...63B,
   author = {{Bogovalov}, S.~V. and {Khangulyan}, D.~V. and {Koldoba}, A.~V. and 
	{Ustyugova}, G.~V. and {Aharonian}, F.~A.},
    title = "{Modelling interaction of relativistic and non-relativistic winds in binary system PSR B1259-63/SS2883 - I. Hydrodynamical limit}",
  journal = {\mnras},
archivePrefix = "arXiv",
   eprint = {0710.1961},
 keywords = {hydrodynamics , shock waves , methods: numerical , binaries: close , pulsars: general , pulsars: individual: PSR B1259-63},
     year = 2008,
    month = jun,
   volume = 387,
    pages = {63-72},
      doi = {10.1111/j.1365-2966.2008.13226.x},
   adsurl = {http://adsabs.harvard.edu/abs/2008MNRAS.387...63B},
  adsnote = {Provided by the SAO/NASA Astrophysics Data System}
}



@ARTICLE{2006A&A...451....9D,
   author = {{Dubus}, G.},
    title = "{Gamma-ray absorption in massive X-ray binaries}",
  journal = {\aap},
   eprint = {astro-ph/0509633},
     year = 2006,
    month = may,
   volume = 451,
    pages = {9-18},
      doi = {10.1051/0004-6361:20054233},
   adsurl = {http://adsabs.harvard.edu/abs/2006A%26A...451....9D},
  adsnote = {Provided by the SAO/NASA Astrophysics Data System}
}

@ARTICLE{2006A&A...456..801D,
   author = {{Dubus}, G.},
    title = "{Gamma-ray binaries: pulsars in disguise?}",
  journal = {\aap},
   eprint = {astro-ph/0605287},
 keywords = {acceleration of particles, stars: binaries: close, stars: pulsars: general, ISM: jets and outflows, gamma rays: theory, X-rays: binaries},
     year = 2006,
    month = sep,
   volume = 456,
    pages = {801-817},
      doi = {10.1051/0004-6361:20054779},
   adsurl = {http://adsabs.harvard.edu/abs/2006A26A...456..801D},
  adsnote = {Provided by the SAO/NASA Astrophysics Data System}
}
@ARTICLE{1999APh....10...31K,
   author = {{Kirk}, J.~G. and {Ball}, L. and {Skj{\ae}raasen}, O.},
    title = "{Inverse Compton emission of TeV gamma rays from PSR B1259-63}",
  journal = {Astroparticle Physics},
   eprint = {astro-ph/9808112},
     year = 1999,
    month = jan,
   volume = 10,
    pages = {31-45},
      doi = {10.1016/S0927-6505(98)00041-3},
   adsurl = {http://adsabs.harvard.edu/abs/1999APh....10...31K},
  adsnote = {Provided by the SAO/NASA Astrophysics Data System}
}
@ARTICLE{2006A&A...455.1165L,
   author = {{Liu}, Q.~Z. and {van Paradijs}, J. and {van den Heuvel}, E.~P.~J.
	},
    title = "{Catalogue of high-mass X-ray binaries in the Galaxy (4th edition)}",
  journal = {\aap},
archivePrefix = "arXiv",
   eprint = {0707.0549},
 keywords = {catalogs, X-ray: binaries, stars: emission-line, Be, stars: binaries: general},
     year = 2006,
    month = sep,
   volume = 455,
    pages = {1165-1168},
      doi = {10.1051/0004-6361:20064987},
   adsurl = {http://adsabs.harvard.edu/abs/2006A%26A...455.1165L},
  adsnote = {Provided by the SAO/NASA Astrophysics Data System}
}

@ARTICLE{2007A&A...469..807L,
   author = {{Liu}, Q.~Z. and {van Paradijs}, J. and {van den Heuvel}, E.~P.~J.
	},
    title = "{A catalogue of low-mass X-ray binaries in the Galaxy, LMC, and SMC (Fourth edition)}",
  journal = {\aap},
archivePrefix = "arXiv",
   eprint = {0707.0544},
 keywords = {binaries: close, stars: late-type, X-rays: binaries, catalogs},
     year = 2007,
    month = jul,
   volume = 469,
    pages = {807-810},
      doi = {10.1051/0004-6361:20077303},
   adsurl = {http://adsabs.harvard.edu/abs/2007A%26A...469..807L},
  adsnote = {Provided by the SAO/NASA Astrophysics Data System}
}

@ARTICLE{2011Ap&SS.332....1R,
   author = {{Reig}, P.},
    title = "{Be/X-ray binaries}",
  journal = {\apss},
archivePrefix = "arXiv",
   eprint = {1101.5036},
 primaryClass = "astro-ph.HE",
 keywords = {X-rays: binaries, Stars: neutron, Stars: binaries close, Stars: emission line, Be},
     year = 2011,
    month = mar,
   volume = 332,
    pages = {1-29},
      doi = {10.1007/s10509-010-0575-8},
   adsurl = {http://adsabs.harvard.edu/abs/2011Ap%26SS.332....1R},
  adsnote = {Provided by the SAO/NASA Astrophysics Data System}
}

@ARTICLE{2011MNRAS.412.1721V,
   author = {{van Soelen}, B. and {Meintjes}, P.~J.},
    title = "{The effect of the infrared excess from the Be star on inverse Compton gamma-ray production in PSR B1259-63/SS 2883}",
  journal = {\mnras},
archivePrefix = "arXiv",
   eprint = {1011.2004},
 primaryClass = "astro-ph.HE",
 keywords = {radiation mechanisms: non-thermal, pulsars: individual: PSR B1259-63, X-rays: binaries},
     year = 2011,
    month = apr,
   volume = 412,
    pages = {1721-1729},
      doi = {10.1111/j.1365-2966.2010.18008.x},
   adsurl = {http://adsabs.harvard.edu/abs/2011MNRAS.412.1721V},
  adsnote = {Provided by the SAO/NASA Astrophysics Data System}
}

@ARTICLE{2012MNRAS.426.3135V,
   author = {{van Soelen}, B. and {Meintjes}, P.~J. and {Odendaal}, A. and 
	{Townsend}, L.~J.},
    title = "{Anisotropic inverse Compton scattering of photons from the circumstellar disc in PSR B1259-63}",
  journal = {\mnras},
 keywords = {radiation mechanisms: non-thermal, pulsars: individual: PSR B1259-63, X-rays: binaries},
     year = 2012,
    month = nov,
   volume = 426,
    pages = {3135-3147},
      doi = {10.1111/j.1365-2966.2012.21870.x},
   adsurl = {http://adsabs.harvard.edu/abs/2012MNRAS.426.3135V},
  adsnote = {Provided by the SAO/NASA Astrophysics Data System}
}


@ARTICLE{1994ApJ...433L..37T,
   author = {{Tavani}, M. and {Arons}, J. and {Kaspi}, V.~M.},
    title = "{Regimes of high-energy shock emission from the Be star/pulsar system PSR 1259-63}",
  journal = {\apjl},
 keywords = {B Stars, Companion Stars, Emission Spectra, Gamma Ray Spectra, Pulsars, Shock Wave Interaction, Stellar Envelopes, Stellar Winds, X Ray Spectra, Astronomical Spectroscopy, Eccentric Orbits, Gamma Ray Astronomy, Stellar Orbits, Stellar Spectra, Time Dependence, X Ray Astronomy},
     year = 1994,
    month = sep,
   volume = 433,
    pages = {L37-L40},
      doi = {10.1086/187542},
   adsurl = {http://adsabs.harvard.edu/abs/1994ApJ...433L..37T},
  adsnote = {Provided by the SAO/NASA Astrophysics Data System}
}


@ARTICLE{1995MNRAS.275..381M,
   author = {{Melatos}, A. and {Johnston}, S. and {Melrose}, D.~B.},
    title = "{Stellar wind and stellar disc models of dispersion and rotation measure variations in the PSR B1259 - 63/SS2883 binary system}",
  journal = {\mnras},
 keywords = {BINARIES: ECLIPSING, CIRCUMSTELLAR MATTER, STARS: EMISSION-LINE, BE, STARS: MASS-LOSS, PULSARS: INDIVIDUAL: PSR B1259-63},
     year = 1995,
    month = jul,
   volume = 275,
    pages = {381-397},
   adsurl = {http://adsabs.harvard.edu/abs/1995MNRAS.275..381M},
  adsnote = {Provided by the SAO/NASA Astrophysics Data System}
}

@ARTICLE{2011MNRAS.416.2827M,
   author = {{Martin}, R.~G. and {Pringle}, J.~E. and {Tout}, C.~A. and {Lubow}, S.~H.
	},
    title = "{Tidal warping and precession of Be star decretion discs}",
  journal = {\mnras},
archivePrefix = "arXiv",
   eprint = {1106.2591},
 primaryClass = "astro-ph.SR",
 keywords = {accretion, accretion discs, binaries: general, stars: emission-line, Be},
     year = 2011,
    month = oct,
   volume = 416,
    pages = {2827-2839},
      doi = {10.1111/j.1365-2966.2011.19231.x},
   adsurl = {http://adsabs.harvard.edu/abs/2011MNRAS.416.2827M},
  adsnote = {Provided by the SAO/NASA Astrophysics Data System}
}
@ARTICLE{1998A&A...338..505N,
   author = {{Negueruela}, I.},
    title = "{On the nature of Be/X-ray binaries}",
  journal = {\aap},
   eprint = {astro-ph/9807158},
     year = 1998,
    month = oct,
   volume = 338,
    pages = {505-510},
   adsurl = {http://adsabs.harvard.edu/abs/1998A%26A...338..505N},
  adsnote = {Provided by the SAO/NASA Astrophysics Data System}
}

@ARTICLE{2010A&A...519A..81C,
   author = {{Cerutti}, B. and {Malzac}, J. and {Dubus}, G. and {Henri}, G.
	},
    title = "{Modeling the three-dimensional pair cascade in binaries. Application to LS 5039}",
  journal = {\aap},
archivePrefix = "arXiv",
   eprint = {1006.2683},
 primaryClass = "astro-ph.HE",
 keywords = {radiation mechanisms: non-thermal, stars: individual: LS 5039, X-rays: binaries, gamma rays: general},
     year = 2010,
    month = sep,
   volume = 519,
      eid = {A81},
    pages = {A81},
      doi = {10.1051/0004-6361/201014459},
   adsurl = {http://adsabs.harvard.edu/abs/2010A%26A...519A..81C},
  adsnote = {Provided by the SAO/NASA Astrophysics Data System}
}

@ARTICLE{{,
   author = {{Dubus}, G.},
    title = "{Gamma-ray absorption in massive X-ray binaries}",
  journal = {\aap},
   eprint = {astro-ph/0509633},
     year = 2006,
    month = may,
   volume = 451,
    pages = {9-18},
      doi = {10.1051/0004-6361:20054233},
   adsurl = {http://adsabs.harvard.edu/abs/2006A%26A...451....9D},
  adsnote = {Provided by the SAO/NASA Astrophysics Data System}
}
@ARTICLE{2007MNRAS.380..320K,
   author = {{Khangulyan}, D. and {Hnatic}, S. and {Aharonian}, F. and {Bogovalov}, S.
	},
    title = "{TeV light curve of PSR B1259-63/SS2883}",
  journal = {\mnras},
   eprint = {astro-ph/0605663},
 keywords = {acceleration of particles, stars: individual: PSR B1259-63, gamma-rays: theory},
     year = 2007,
    month = sep,
   volume = 380,
    pages = {320-330},
      doi = {10.1111/j.1365-2966.2007.12075.x},
   adsurl = {http://adsabs.harvard.edu/abs/2007MNRAS.380..320K},
  adsnote = {Provided by the SAO/NASA Astrophysics Data System}
}


@ARTICLE{2008APh....30..239S,
   author = {{Sierpowska-Bartosik}, A. and {Torres}, D.~F.},
    title = "{Pulsar wind zone processes in LS 5039}",
  journal = {Astroparticle Physics},
archivePrefix = "arXiv",
   eprint = {0801.3427},
     year = 2008,
    month = dec,
   volume = 30,
    pages = {239-263},
      doi = {10.1016/j.astropartphys.2008.09.009},
   adsurl = {http://adsabs.harvard.edu/abs/2008APh....30..239S},
  adsnote = {Provided by the SAO/NASA Astrophysics Data System}
}

@ARTICLE{2009ApJ...697..592T,
   author = {{Takahashi}, T. and {Kishishita}, T. and {Uchiyama}, Y. and 
	{Tanaka}, T. and {Yamaoka}, K. and {Khangulyan}, D. and {Aharonian}, F.~A. and 
	{Bosch-Ramon}, V. and {Hinton}, J.~A.},
    title = "{Study of the Spectral and Temporal Characteristics of X-Ray Emission of the Gamma-Ray Binary LS 5039 with Suzaku}",
  journal = {\apj},
archivePrefix = "arXiv",
   eprint = {0812.3358},
 keywords = {acceleration of particles, X-rays: binaries, X-rays: individual: LS 5039},
     year = 2009,
    month = may,
   volume = 697,
    pages = {592-600},
      doi = {10.1088/0004-637X/697/1/592},
   adsurl = {http://adsabs.harvard.edu/abs/2009ApJ...697..592T},
  adsnote = {Provided by the SAO/NASA Astrophysics Data System}
}

@ARTICLE{2012A&A...544A..59B,
   author = {{Bosch-Ramon}, V. and {Barkov}, M.~V. and {Khangulyan}, D. and 
	{Perucho}, M.},
    title = "{Simulations of stellar/pulsar-wind interaction along one full orbit}",
  journal = {\aap},
archivePrefix = "arXiv",
   eprint = {1203.5528},
 primaryClass = "astro-ph.HE",
 keywords = {hydrodynamics, X-rays: binaries, stars: winds, outflows, radiation mechanisms: non-thermal, gamma rays: stars},
     year = 2012,
    month = aug,
   volume = 544,
      eid = {A59},
    pages = {A59},
      doi = {10.1051/0004-6361/201219251},
   adsurl = {http://adsabs.harvard.edu/abs/2012A%26A...544A..59B},
  adsnote = {Provided by the SAO/NASA Astrophysics Data System}
}



@ARTICLE{2009ApJ...693.1462S,
   author = {{Sierpowska-Bartosik}, A. and {Torres}, D.~F.},
    title = "{{$\gamma$}-Ray Emission from LS I +61 303: The Impact of Basic System Uncertainties}",
  journal = {\apj},
archivePrefix = "arXiv",
   eprint = {0811.2466},
 keywords = {gamma rays: observations, gamma rays: theory, X-rays: binaries},
     year = 2009,
    month = mar,
   volume = 693,
    pages = {1462-1473},
      doi = {10.1088/0004-637X/693/2/1462},
   adsurl = {http://adsabs.harvard.edu/abs/2009ApJ...693.1462S},
  adsnote = {Provided by the SAO/NASA Astrophysics Data System}
}


@ARTICLE{2006MNRAS.368..579B,
   author = {{Bednarek}, W.},
    title = "{Propagation of very high energy {$\gamma$}-rays inside massive binaries LS 5039 and LSI +61 303}",
  journal = {\mnras},
   eprint = {astro-ph/0601657},
 keywords = {radiation mechanisms: non-thermal , binaries: close , stars: individual: LS 5039 , stars: individual: LSI +61 303 , gamma-rays: observations , gamma-rays: theory},
     year = 2006,
    month = may,
   volume = 368,
    pages = {579-591},
      doi = {10.1111/j.1365-2966.2006.10121.x},
   adsurl = {http://adsabs.harvard.edu/abs/2006MNRAS.368..579B},
  adsnote = {Provided by the SAO/NASA Astrophysics Data System}
}

@ARTICLE{2013A&A...557A.127D,
   author = {{Dubus}, G. and {Cerutti}, B.},
    title = "{What caused the GeV flare of PSR B1259-63?}",
  journal = {\aap},
archivePrefix = "arXiv",
   eprint = {1308.4531},
 primaryClass = "astro-ph.HE",
 keywords = {pulsars: general, stars: winds, outflows, radiation mechanisms: non-thermal, gamma rays: stars},
     year = 2013,
    month = sep,
   volume = 557,
      eid = {A127},
    pages = {A127},
      doi = {10.1051/0004-6361/201321741},
   adsurl = {http://adsabs.harvard.edu/abs/2013A%26A...557A.127D},
  adsnote = {Provided by the SAO/NASA Astrophysics Data System}
}

@ARTICLE{2011PASJ...63..893O,
   author = {{Okazaki}, A.~T. and {Nagataki}, S. and {Naito}, T. and {Kawachi}, A. and 
	{Hayasaki}, K. and {Owocki}, S.~P. and {Takata}, J.},
    title = "{Hydrodynamic Interaction between the Be Star and the Pulsar in the TeV Binary PSR B1259-63/LS 2883}",
  journal = {\pasj},
archivePrefix = "arXiv",
   eprint = {1105.1481},
 primaryClass = "astro-ph.HE",
 keywords = {gamma rays: theory, stars: emission-line, Be, stars: individual (PSR B1259-63, LS 2883), stars: winds, outflows},
     year = 2011,
    month = aug,
   volume = 63,
    pages = {893-},
      doi = {10.1093/pasj/63.4.893},
   adsurl = {http://adsabs.harvard.edu/abs/2011PASJ...63..893O},
  adsnote = {Provided by the SAO/NASA Astrophysics Data System}
}
@ARTICLE{2009MNRAS.396.1743P,
   author = {{Pittard}, J.~M.},
    title = "{3D models of radiatively driven colliding winds in massive O+O star binaries - I. Hydrodynamics}",
  journal = {\mnras},
archivePrefix = "arXiv",
   eprint = {0904.0164},
 primaryClass = "astro-ph.SR",
 keywords = {shock waves , hydrodynamics , binaries: general , stars: early-type , stars: mass-loss , stars: winds, outflows},
     year = 2009,
    month = jul,
   volume = 396,
    pages = {1743-1763},
      doi = {10.1111/j.1365-2966.2009.14857.x},
   adsurl = {http://adsabs.harvard.edu/abs/2009MNRAS.396.1743P},
  adsnote = {Provided by the SAO/NASA Astrophysics Data System}
}
@INPROCEEDINGS{2006smqw.confE..52D,
   author = {{Dhawan}, V. and {Mioduszewski}, A. and {Rupen}, M.},
    title = "{LS I +61 303 is a Be-Pulsar binary, not a Microquasar}",
booktitle = {VI Microquasar Workshop: Microquasars and Beyond},
     year = 2006,
   adsurl = {http://adsabs.harvard.edu/abs/2006smqw.confE..52D},
  adsnote = {Provided by the SAO/NASA Astrophysics Data System}
}


@ARTICLE{2010A&A...516A..18D,
   author = {{Dubus}, G. and {Cerutti}, B. and {Henri}, G.},
    title = "{Relativistic Doppler-boosted emission in gamma-ray binaries}",
  journal = {\aap},
archivePrefix = "arXiv",
   eprint = {1004.0511},
 primaryClass = "astro-ph.HE",
 keywords = {radiation mechanisms: non-thermal, gamma rays: stars, X-rays: binaries, astroparticle physics},
     year = 2010,
    month = jun,
   volume = 516,
      eid = {A18},
    pages = {A18},
      doi = {10.1051/0004-6361/201014023},
   adsurl = {http://adsabs.harvard.edu/abs/2010A%26A...516A..18D},
  adsnote = {Provided by the SAO/NASA Astrophysics Data System}
}

@ARTICLE{2011MNRAS.411..193S,
   author = {{Szostek}, A. and {Dubus}, G.},
    title = "{X-ray absorption and occultation in LS 5039}",
  journal = {\mnras},
archivePrefix = "arXiv",
   eprint = {1009.1980},
 primaryClass = "astro-ph.HE",
 keywords = {binaries: close, binaries: eclipsing, stars: individual: LS 5039, stars: mass-loss, gamma-rays: stars, X-rays: binaries},
     year = 2011,
    month = feb,
   volume = 411,
    pages = {193-199},
      doi = {10.1111/j.1365-2966.2010.17671.x},
   adsurl = {http://adsabs.harvard.edu/abs/2011MNRAS.411..193S},
  adsnote = {Provided by the SAO/NASA Astrophysics Data System}
}


@ARTICLE{2009ApJ...697L...1K,
   author = {{Kishishita}, T. and {Tanaka}, T. and {Uchiyama}, Y. and {Takahashi}, T.
	},
    title = "{Long-Term Stability of Nonthermal X-Ray Modulation in the Gamma-Ray Binary LS 5039}",
  journal = {\apjl},
archivePrefix = "arXiv",
   eprint = {0904.1064},
 primaryClass = "astro-ph.HE",
 keywords = {radiation mechanisms: non-thermal, X-rays: binaries, X-rays: individual: LS 5039},
     year = 2009,
    month = may,
   volume = 697,
    pages = {L1-L5},
      doi = {10.1088/0004-637X/697/1/L1},
   adsurl = {http://adsabs.harvard.edu/abs/2009ApJ...697L...1K},
  adsnote = {Provided by the SAO/NASA Astrophysics Data System}
}

@ARTICLE{2006A&A...460..743A,
   author = {{H.E.S.S. Collaboration}},
    title = "{3.9 day orbital modulation in the TeV {$\gamma$}-ray flux and spectrum from the X-ray binary LS 5039}",
  journal = {\aap},
   eprint = {astro-ph/0607192},
 keywords = {gamma rays: observations, acceleration of particles, block hole physics, stars: binaries: close},
     year = 2006,
    month = dec,
   volume = 460,
    pages = {743-749},
      doi = {10.1051/0004-6361:20065940},
   adsurl = {http://adsabs.harvard.edu/abs/2006A%26A...460..743A},
  adsnote = {Provided by the SAO/NASA Astrophysics Data System}
}
@ARTICLE{2008A&A...477..691D,
   author = {{Dubus}, G. and {Cerutti}, B. and {Henri}, G.},
    title = "{The modulation of the gamma-ray emission from the binary LS 5039}",
  journal = {\aap},
archivePrefix = "arXiv",
   eprint = {0710.0968},
 keywords = {radiation mechanisms: non-thermal, stars: individual (LS 5039), gamma rays: theory, X-rays: binaries},
     year = 2008,
    month = jan,
   volume = 477,
    pages = {691-700},
      doi = {10.1051/0004-6361:20078261},
   adsurl = {http://adsabs.harvard.edu/abs/2008A%26A...477..691D},
  adsnote = {Provided by the SAO/NASA Astrophysics Data System}
}
@ARTICLE{2011ApJ...736L..11A,
   author = {{Abdo}, A.~A. and {Ackermann}, M. and {Ajello}, M. and {Allafort}, A. and 
	{Ballet}, J. and {Barbiellini}, G. and {Bastieri}, D. and {Bechtol}, K. and 
	{Bellazzini}, R. and {Berenji}, B. and {Blandford}, R.~D. and 
	{Bonamente}, E. and {Borgland}, A.~W. and {Bregeon}, J. and 
	{Brigida}, M. and {Bruel}, P. and {Buehler}, R. and {Buson}, S. and 
	{Caliandro}, G.~A. and {Cameron}, R.~A. and {Camilo}, F. and 
	{Caraveo}, P.~A. and {Cecchi}, C. and {Charles}, E. and {Chaty}, S. and 
	{Chekhtman}, A. and {Chernyakova}, M. and {Cheung}, C.~C. and 
	{Chiang}, J. and {Ciprini}, S. and {Claus}, R. and {Cohen-Tanugi}, J. and 
	{Cominsky}, L.~R. and {Corbel}, S. and {Cutini}, S. and {D'Ammando}, F. and 
	{de Angelis}, A. and {den Hartog}, P.~R. and {de Palma}, F. and 
	{Dermer}, C.~D. and {Digel}, S.~W. and {Silva}, E.~d.~C.~e. and 
	{Dormody}, M. and {Drell}, P.~S. and {Drlica-Wagner}, A. and 
	{Dubois}, R. and {Dubus}, G. and {Dumora}, D. and {Enoto}, T. and 
	{Espinoza}, C.~M. and {Favuzzi}, C. and {Fegan}, S.~J. and {Ferrara}, E.~C. and 
	{Focke}, W.~B. and {Fortin}, P. and {Fukazawa}, Y. and {Funk}, S. and 
	{Fusco}, P. and {Gargano}, F. and {Gasparrini}, D. and {Gehrels}, N. and 
	{Germani}, S. and {Giglietto}, N. and {Giommi}, P. and {Giordano}, F. and 
	{Giroletti}, M. and {Glanzman}, T. and {Godfrey}, G. and {Grenier}, I.~A. and 
	{Grondin}, M.-H. and {Grove}, J.~E. and {Grundstrom}, E. and 
	{Guiriec}, S. and {Gwon}, C. and {Hadasch}, D. and {Harding}, A.~K. and 
	{Hayashida}, M. and {Hays}, E. and {J{\'o}hannesson}, G. and 
	{Johnson}, A.~S. and {Johnson}, T.~J. and {Johnston}, S. and 
	{Kamae}, T. and {Katagiri}, H. and {Kataoka}, J. and {Keith}, M. and 
	{Kerr}, M. and {Kn{\"o}dlseder}, J. and {Kramer}, M. and {Kuss}, M. and 
	{Lande}, J. and {Lee}, S.-H. and {Lemoine-Goumard}, M. and {Longo}, F. and 
	{Loparco}, F. and {Lovellette}, M.~N. and {Lubrano}, P. and 
	{Manchester}, R.~N. and {Marelli}, M. and {Mazziotta}, M.~N. and 
	{Michelson}, P.~F. and {Mitthumsiri}, W. and {Mizuno}, T. and 
	{Moiseev}, A.~A. and {Monte}, C. and {Monzani}, M.~E. and {Morselli}, A. and 
	{Moskalenko}, I.~V. and {Murgia}, S. and {Nakamori}, T. and 
	{Naumann-Godo}, M. and {Neronov}, A. and {Nolan}, P.~L. and 
	{Norris}, J.~P. and {Noutsos}, A. and {Nuss}, E. and {Ohsugi}, T. and 
	{Okumura}, A. and {Omodei}, N. and {Orlando}, E. and {Paneque}, D. and 
	{Parent}, D. and {Pesce-Rollins}, M. and {Pierbattista}, M. and 
	{Piron}, F. and {Porter}, T.~A. and {Possenti}, A. and {Rain{\`o}}, S. and 
	{Rando}, R. and {Ray}, P.~S. and {Razzano}, M. and {Razzaque}, S. and 
	{Reimer}, A. and {Reimer}, O. and {Reposeur}, T. and {Ritz}, S. and 
	{Sadrozinski}, H.~F.-W. and {Scargle}, J.~D. and {Sgr{\`o}}, C. and 
	{Shannon}, R. and {Siskind}, E.~J. and {Smith}, P.~D. and {Spandre}, G. and 
	{Spinelli}, P. and {Strickman}, M.~S. and {Suson}, D.~J. and 
	{Takahashi}, H. and {Tanaka}, T. and {Thayer}, J.~G. and {Thayer}, J.~B. and 
	{Thompson}, D.~J. and {Thorsett}, S.~E. and {Tibaldo}, L. and 
	{Tibolla}, O. and {Torres}, D.~F. and {Tosti}, G. and {Troja}, E. and 
	{Uchiyama}, Y. and {Usher}, T.~L. and {Vandenbroucke}, J. and 
	{Vasileiou}, V. and {Vianello}, G. and {Vitale}, V. and {Waite}, A.~P. and 
	{Wang}, P. and {Winer}, B.~L. and {Wolff}, M.~T. and {Wood}, D.~L. and 
	{Wood}, K.~S. and {Yang}, Z. and {Ziegler}, M. and {Zimmer}, S.
	},
    title = "{Discovery of High-energy Gamma-ray Emission from the Binary System PSR B1259-63/LS 2883 around Periastron with Fermi}",
  journal = {\apjl},
archivePrefix = "arXiv",
   eprint = {1103.4108},
 primaryClass = "astro-ph.HE",
 keywords = {binaries: eclipsing, gamma rays: stars, pulsars: individual: PSR B1259{\ndash}63, X-rays: binaries},
     year = 2011,
    month = jul,
   volume = 736,
      eid = {L11},
    pages = {L11},
      doi = {10.1088/2041-8205/736/1/L11},
   adsurl = {http://adsabs.harvard.edu/abs/2011ApJ...736L..11A},
  adsnote = {Provided by the SAO/NASA Astrophysics Data System}
}

@ARTICLE{2015ApJ...811...68C,
   author = {{Caliandro}, G.~A. and {Cheung}, C.~C. and {Li}, J. and {Scargle}, J.~D. and 
	{Torres}, D.~F. and {Wood}, K.~S. and {Chernyakova}, M.},
    title = "{Gamma-Ray Flare Activity from PSR B1259-63 during 2014 Periastron Passage and Comparison to Its 2010 Passage}",
  journal = {\apj},
archivePrefix = "arXiv",
   eprint = {1509.02856},
 primaryClass = "astro-ph.HE",
 keywords = {gamma rays: stars, pulsars: individual: PSR B1259{\ndash}63, X-rays: binaries},
     year = 2015,
    month = sep,
   volume = 811,
      eid = {68},
    pages = {68},
      doi = {10.1088/0004-637X/811/1/68},
   adsurl = {http://adsabs.harvard.edu/abs/2015ApJ...811...68C},
  adsnote = {Provided by the SAO/NASA Astrophysics Data System}
}


@ARTICLE{2012ApJ...747L..29C,
   author = {{Chernyakova}, M. and {Neronov}, A. and {Molkov}, S. and {Malyshev}, D. and 
	{Lutovinov}, A. and {Pooley}, G.},
    title = "{Superorbital Modulation of X-Ray Emission from Gamma-Ray Binary LSI +61 303}",
  journal = {\apjl},
archivePrefix = "arXiv",
   eprint = {1203.1944},
 primaryClass = "astro-ph.HE",
 keywords = {X-rays: binaries, X-rays: individual: LSI +61 303},
     year = 2012,
    month = mar,
   volume = 747,
      eid = {L29},
    pages = {L29},
      doi = {10.1088/2041-8205/747/2/L29},
   adsurl = {http://adsabs.harvard.edu/abs/2012ApJ...747L..29C},
  adsnote = {Provided by the SAO/NASA Astrophysics Data System}
}
@ARTICLE{2015ApJ...804L..32M,
   author = {{Moritani}, Y. and {Okazaki}, A.~T. and {Carciofi}, A.~C. and 
	{Imada}, A. and {Akitaya}, H. and {Ebisuda}, N. and {Itoh}, R. and 
	{Kawaguchi}, K. and {Mori}, K. and {Takaki}, K. and {Ueno}, I. and 
	{Ui}, T.},
    title = "{Probing the Nature of the TeV {$\gamma$}-Ray Binary HESS J0632+057 by Monitoring Be Disk Variability}",
  journal = {\apjl},
archivePrefix = "arXiv",
   eprint = {1504.03067},
 primaryClass = "astro-ph.HE",
 keywords = {binaries: close, gamma rays: stars, stars: emission-line, Be, stars: individual: HESS J0632+057},
     year = 2015,
    month = may,
   volume = 804,
      eid = {L32},
    pages = {L32},
      doi = {10.1088/2041-8205/804/2/L32},
   adsurl = {http://adsabs.harvard.edu/abs/2015ApJ...804L..32M},
  adsnote = {Provided by the SAO/NASA Astrophysics Data System}
}


@ARTICLE{2015A&A...575L...6P,
   author = {{Paredes-Fortuny}, X. and {Rib{\'o}}, M. and {Bosch-Ramon}, V. and 
	{Casares}, J. and {Fors}, O. and {N{\'u}{\~n}ez}, J.},
    title = "{Evidence of coupling between the thermal and nonthermal emission in the gamma-ray binary LS I +61 303}",
  journal = {\aap},
archivePrefix = "arXiv",
   eprint = {1501.02208},
 primaryClass = "astro-ph.HE",
 keywords = {X-rays: binaries, X-rays: individuals: LS I +61 303, binaries: close, stars: emission-line, Be, gamma rays: stars},
     year = 2015,
    month = mar,
   volume = 575,
      eid = {L6},
    pages = {L6},
      doi = {10.1051/0004-6361/201425361},
   adsurl = {http://adsabs.harvard.edu/abs/2015A%26A...575L...6P},
  adsnote = {Provided by the SAO/NASA Astrophysics Data System}
}


@ARTICLE{2010A&A...519A..81C,
   author = {{Cerutti}, B. and {Malzac}, J. and {Dubus}, G. and {Henri}, G.
	},
    title = "{Modeling the three-dimensional pair cascade in binaries. Application to LS 5039}",
  journal = {\aap},
archivePrefix = "arXiv",
   eprint = {1006.2683},
 primaryClass = "astro-ph.HE",
 keywords = {radiation mechanisms: non-thermal, stars: individual: LS 5039, X-rays: binaries, gamma rays: general},
     year = 2010,
    month = sep,
   volume = 519,
      eid = {A81},
    pages = {A81},
      doi = {10.1051/0004-6361/201014459},
   adsurl = {http://adsabs.harvard.edu/abs/2010A%26A...519A..81C},
  adsnote = {Provided by the SAO/NASA Astrophysics Data System}
}

@ARTICLE{2008A&A...477..691D,
   author = {{Dubus}, G. and {Cerutti}, B. and {Henri}, G.},
    title = "{The modulation of the gamma-ray emission from the binary LS 5039}",
  journal = {\aap},
archivePrefix = "arXiv",
   eprint = {0710.0968},
 keywords = {radiation mechanisms: non-thermal, stars: individual (LS 5039), gamma rays: theory, X-rays: binaries},
     year = 2008,
    month = jan,
   volume = 477,
    pages = {691-700},
      doi = {10.1051/0004-6361:20078261},
   adsurl = {http://adsabs.harvard.edu/abs/2008A%26A...477..691D},
  adsnote = {Provided by the SAO/NASA Astrophysics Data System}
}

@ARTICLE{2010A&A...516A..18D,
   author = {{Dubus}, G. and {Cerutti}, B. and {Henri}, G.},
    title = "{Relativistic Doppler-boosted emission in gamma-ray binaries}",
  journal = {\aap},
archivePrefix = "arXiv",
   eprint = {1004.0511},
 primaryClass = "astro-ph.HE",
 keywords = {radiation mechanisms: non-thermal, gamma rays: stars, X-rays: binaries, astroparticle physics},
     year = 2010,
    month = jun,
   volume = 516,
      eid = {A18},
    pages = {A18},
      doi = {10.1051/0004-6361/201014023},
   adsurl = {http://adsabs.harvard.edu/abs/2010A%26A...516A..18D},
  adsnote = {Provided by the SAO/NASA Astrophysics Data System}
}

@ARTICLE{2006A&A...456..801D,
   author = {{Dubus}, G.},
    title = "{Gamma-ray binaries: pulsars in disguise?}",
  journal = {\aap},
   eprint = {astro-ph/0605287},
 keywords = {acceleration of particles, stars: binaries: close, stars: pulsars: general, ISM: jets and outflows, gamma rays: theory, X-rays: binaries},
     year = 2006,
    month = sep,
   volume = 456,
    pages = {801-817},
      doi = {10.1051/0004-6361:20054779},
   adsurl = {http://adsabs.harvard.edu/abs/2006A%26A...456..801D},
  adsnote = {Provided by the SAO/NASA Astrophysics Data System}
}
@ARTICLE{2008A&A...488...37C,
   author = {{Cerutti}, B. and {Dubus}, G. and {Henri}, G.},
    title = "{Spectral signature of a free pulsar wind in the gamma-ray binaries LS 5039 and LSI +61{\deg}303}",
  journal = {\aap},
archivePrefix = "arXiv",
   eprint = {0807.1226},
 keywords = {radiation mechanisms: non-thermal, stars: individual: LS 5039, stars: individual: LSI +61{\deg} 303, stars: pulsars: general - gamma rays: theory, X-rays: binaries},
     year = 2008,
    month = sep,
   volume = 488,
    pages = {37-46},
      doi = {10.1051/0004-6361:200809939},
   adsurl = {http://adsabs.harvard.edu/abs/2008A%26A...488...37C},
  adsnote = {Provided by the SAO/NASA Astrophysics Data System}
}


@ARTICLE{2008MNRAS.383..467K,
   author = {{Khangulyan}, D. and {Aharonian}, F. and {Bosch-Ramon}, V.},
    title = "{On the formation of TeV radiation in LS 5039}",
  journal = {\mnras},
archivePrefix = "arXiv",
   eprint = {0707.1689},
 keywords = {stars: individual: LS 5039 , gamma-rays: observations , gamma-rays: theory , X-rays: binaries},
     year = 2008,
    month = jan,
   volume = 383,
    pages = {467-478},
      doi = {10.1111/j.1365-2966.2007.12572.x},
   adsurl = {http://adsabs.harvard.edu/abs/2008MNRAS.383..467K},
  adsnote = {Provided by the SAO/NASA Astrophysics Data System}
}

@ARTICLE{2012ApJ...753..127K,
   author = {{Kong}, S.~W. and {Cheng}, K.~S. and {Huang}, Y.~F.},
    title = "{Modeling the Multiwavelength Light Curves of PSR B1259-63/LS 2883. II. The Effects of Anisotropic Pulsar Wind and Doppler Boosting}",
  journal = {\apj},
archivePrefix = "arXiv",
   eprint = {1205.2147},
 primaryClass = "astro-ph.HE",
 keywords = {binaries: close, gamma rays: stars, pulsars: individual: PSR B1259-63, X-rays: binaries},
     year = 2012,
    month = jul,
   volume = 753,
      eid = {127},
    pages = {127},
      doi = {10.1088/0004-637X/753/2/127},
   adsurl = {http://adsabs.harvard.edu/abs/2012ApJ...753..127K},
  adsnote = {Provided by the SAO/NASA Astrophysics Data System}
}

@ARTICLE{2013A&A...551A..17Z,
   author = {{Zabalza}, V. and {Bosch-Ramon}, V. and {Aharonian}, F. and 
	{Khangulyan}, D.},
    title = "{Unraveling the high-energy emission components of gamma-ray binaries}",
  journal = {\aap},
archivePrefix = "arXiv",
   eprint = {1212.3222},
 primaryClass = "astro-ph.HE",
 keywords = {radiation mechanisms: non-thermal, gamma rays: stars, binaries: general},
     year = 2013,
    month = mar,
   volume = 551,
      eid = {A17},
    pages = {A17},
      doi = {10.1051/0004-6361/201220589},
   adsurl = {http://adsabs.harvard.edu/abs/2013A%26A...551A..17Z},
  adsnote = {Provided by the SAO/NASA Astrophysics Data System}
}

@ARTICLE{2016MNRAS.455.3674V,
   author = {{van Soelen}, B. and {V{\"a}is{\"a}nen}, P. and {Odendaal}, A. and 
	{Klindt}, L. and {Sushch}, I. and {Meintjes}, P.~J.},
    title = "{Optical spectroscopy of PSR B1259-63/LS 2883 during the 2014 periastron passage with the Southern African Large Telescope}",
  journal = {\mnras},
archivePrefix = "arXiv",
   eprint = {1511.01224},
 primaryClass = "astro-ph.HE",
 keywords = {stars: emission-line, Be, pulsars: individual: PSR B1259-63, gamma-rays: stars},
     year = 2016,
    month = feb,
   volume = 455,
    pages = {3674-3679},
      doi = {10.1093/mnras/stv2576},
   adsurl = {http://adsabs.harvard.edu/abs/2016MNRAS.455.3674V},
  adsnote = {Provided by the SAO/NASA Astrophysics Data System}
}



@ARTICLE{2007A&A...473..545B,
   author = {{Bosch-Ramon}, V. and {Motch}, C. and {Rib{\'o}}, M. and {Lopes de Oliveira}, R. and 
	{Janot-Pacheco}, E. and {Negueruela}, I. and {Paredes}, J.~M. and 
	{Martocchia}, A.},
    title = "{Exploring the connection between the stellar wind and the non-thermal emission in LS 5039}",
  journal = {\aap},
   eprint = {astro-ph/0703499},
 keywords = {X-rays: binaries, stars: individual: LS 5039, radiation mechanisms: non-thermal},
     year = 2007,
    month = oct,
   volume = 473,
    pages = {545-550},
      doi = {10.1051/0004-6361:20077508},
   adsurl = {http://adsabs.harvard.edu/abs/2007A%26A...473..545B},
  adsnote = {Provided by the SAO/NASA Astrophysics Data System}
}

@ARTICLE{2006MNRAS.371.1737B,
   author = {{Bednarek}, W.},
    title = "{Inverse Compton e$^{+/-}$ pair cascade model for the {$\gamma$}-ray production in massive binary LSI +61{\deg} 303}",
  journal = {\mnras},
   eprint = {astro-ph/0606421},
 keywords = {radiation mechanisms: non-thermal: binaries: close, radiation mechanisms: non-thermal, binaries: close},
     year = 2006,
    month = oct,
   volume = 371,
    pages = {1737-1743},
      doi = {10.1111/j.1365-2966.2006.10804.x},
   adsurl = {http://adsabs.harvard.edu/abs/2006MNRAS.371.1737B},
  adsnote = {Provided by the SAO/NASA Astrophysics Data System}
}


@ARTICLE{2012ApJ...749...54H,
   author = {{Hadasch}, D. and {Torres}, D.~F. and {Tanaka}, T. and {Corbet}, R.~H.~D. and 
	{Hill}, A.~B. and {Dubois}, R. and {Dubus}, G. and {Glanzman}, T. and 
	{Corbel}, S. and {Li}, J. and {Chen}, Y.~P. and {Zhang}, S. and 
	{Caliandro}, G.~A. and {Kerr}, M. and {Richards}, J.~L. and 
	{Max-Moerbeck}, W. and {Readhead}, A. and {Pooley}, G.},
    title = "{Long-term Monitoring of the High-energy {$\gamma$}-Ray Emission from LS I +61{\deg}303 and LS 5039}",
  journal = {\apj},
archivePrefix = "arXiv",
   eprint = {1202.1866},
 primaryClass = "astro-ph.HE",
 keywords = {binaries: close, gamma rays: general, stars: variables: general, X-rays: binaries, X-rays: individual: LS I +61 303, X-rays: individual: LS 5039},
     year = 2012,
    month = apr,
   volume = 749,
      eid = {54},
    pages = {54},
      doi = {10.1088/0004-637X/749/1/54},
   adsurl = {http://adsabs.harvard.edu/abs/2012ApJ...749...54H},
  adsnote = {Provided by the SAO/NASA Astrophysics Data System}
}

@ARTICLE{2015A&A...581A..27D,
   author = {{Dubus}, G. and {Lamberts}, A. and {Fromang}, S.},
    title = "{Modelling the high-energy emission from gamma-ray binaries using numerical relativistic hydrodynamics}",
  journal = {\aap},
archivePrefix = "arXiv",
   eprint = {1505.01026},
 primaryClass = "astro-ph.HE",
 keywords = {radiation mechanisms: non-thermal, stars: individual: LS 5039, stars: winds, outflows, gamma rays: general, X-rays: binaries, methods: numerical},
     year = 2015,
    month = sep,
   volume = 581,
      eid = {A27},
    pages = {A27},
      doi = {10.1051/0004-6361/201425394},
   adsurl = {http://adsabs.harvard.edu/abs/2015A%26A...581A..27D},
  adsnote = {Provided by the SAO/NASA Astrophysics Data System}
}

@ARTICLE{2016arXiv160305731L,
   author = {{Lyutikov}, M. and {Sironi}, L. and {Komissarov}, S. and {Porth}, O.
	},
    title = "{Particle acceleration in explosive relativistic reconnection events and Crab Nebula gamma-ray flares}",
  journal = {ArXiv e-prints},
archivePrefix = "arXiv",
   eprint = {1603.05731},
 primaryClass = "astro-ph.HE",
 keywords = {Astrophysics - High Energy Astrophysical Phenomena, Physics - Plasma Physics},
     year = 2016,
    month = mar,
   adsurl = {http://adsabs.harvard.edu/abs/2016arXiv160305731L},
  adsnote = {Provided by the SAO/NASA Astrophysics Data System}
}
@ARTICLE{2016arXiv160403179Y,
   author = {{Yuan}, Y. and {Nalewajko}, K. and {Zrake}, J. and {East}, W.~E. and 
	{Blandford}, R.~D.},
    title = "{Kinetic study of radiation-reaction-limited particle acceleration during the relaxation of unstable force-free equilibria}",
  journal = {ArXiv e-prints},
archivePrefix = "arXiv",
   eprint = {1604.03179},
 primaryClass = "astro-ph.HE",
 keywords = {Astrophysics - High Energy Astrophysical Phenomena, Physics - Plasma Physics},
     year = 2016,
    month = apr,
   adsurl = {http://adsabs.harvard.edu/abs/2016arXiv160403179Y},
  adsnote = {Provided by the SAO/NASA Astrophysics Data System}
}
@ARTICLE{2016arXiv160304850N,
   author = {{Nalewajko}, K. and {Zrake}, J. and {Yuan}, Y. and {East}, W.~E. and 
	{Blandford}, R.~D.},
    title = "{Kinetic simulations of the lowest-order unstable mode of relativistic magnetostatic equilibria}",
  journal = {ArXiv e-prints},
archivePrefix = "arXiv",
   eprint = {1603.04850},
 primaryClass = "astro-ph.HE",
 keywords = {Astrophysics - High Energy Astrophysical Phenomena},
     year = 2016,
    month = mar,
   adsurl = {http://adsabs.harvard.edu/abs/2016arXiv160304850N},
  adsnote = {Provided by the SAO/NASA Astrophysics Data System}
}
@ARTICLE{2015MNRAS.454.2972T,
   author = {{Takamoto}, M. and {P{\'e}tri}, J. and {Baty}, H.},
    title = "{Thermal synchrotron radiation from RRMHD simulations of the double tearing mode reconnection - application to the Crab flares}",
  journal = {\mnras},
archivePrefix = "arXiv",
   eprint = {1509.06124},
 primaryClass = "astro-ph.HE",
 keywords = {magnetic reconnection, MHD, plasmas, methods: numerical},
     year = 2015,
    month = dec,
   volume = 454,
    pages = {2972-2980},
      doi = {10.1093/mnras/stv2163},
   adsurl = {http://adsabs.harvard.edu/abs/2015MNRAS.454.2972T},
  adsnote = {Provided by the SAO/NASA Astrophysics Data System}
}
@ARTICLE{2015arXiv151205426Z,
   author = {{Zrake}, J.},
    title = "{Crab flares due to turbulent dissipation of the pulsar striped wind}",
  journal = {ArXiv e-prints},
archivePrefix = "arXiv",
   eprint = {1512.05426},
 primaryClass = "astro-ph.HE",
 keywords = {Astrophysics - High Energy Astrophysical Phenomena},
     year = 2015,
    month = dec,
   adsurl = {http://adsabs.harvard.edu/abs/2015arXiv151205426Z},
  adsnote = {Provided by the SAO/NASA Astrophysics Data System}
}