@ARTICLE{porth-14,
   author = {{Porth}, O. and {Komissarov}, S.~S. and {Keppens}, R.},
    title = "{Three-dimensional magnetohydrodynamic simulations of the Crab nebula}",
  journal = {\mnras},
archivePrefix = "arXiv",
   eprint = {1310.2531},
 primaryClass = "astro-ph.HE",
 keywords = {instabilities, MHD, relativistic processes, shock waves, pulsars: individual: Crab, ISM: supernova remnants},
     year = 2014,
    month = feb,
   volume = 438,
    pages = {278-306},
      doi = {10.1093/mnras/stt2176},
   adsurl = {http://adsabs.harvard.edu/abs/2014MNRAS.438..278P},
  adsnote = {Provided by the SAO/NASA Astrophysics Data System}
}
@ARTICLE{porth-13,
   author = {{Porth}, O. and {Komissarov}, S.~S. and {Keppens}, R.},
    title = "{Solution to the sigma problem of pulsar wind nebulae}",
  journal = {\mnras},
archivePrefix = "arXiv",
   eprint = {1212.1382},
 primaryClass = "astro-ph.HE",
 keywords = {instabilities, MHD, shock waves, pulsars: general, pulsars: individual: Crab, ISM: supernova remnants},
     year = 2013,
    month = apr,
   volume = 431,
    pages = {L48-L52},
      doi = {10.1093/mnrasl/slt006},
   adsurl = {http://adsabs.harvard.edu/abs/2013MNRAS.431L..48P},
  adsnote = {Provided by the SAO/NASA Astrophysics Data System}
}
@ARTICLE{ssk-13,
   author = {{Komissarov}, S.~S.},
    title = "{Magnetic dissipation in the Crab nebula}",
  journal = {\mnras},
archivePrefix = "arXiv",
   eprint = {1207.3192},
 primaryClass = "astro-ph.HE",
 keywords = {magnetic fields, MHD, radiation mechanisms: non-thermal, pulsars: individual: Crab, ISM: supernova remnants},
     year = 2013,
    month = jan,
   volume = 428,
    pages = {2459-2466},
      doi = {10.1093/mnras/sts214},
   adsurl = {http://adsabs.harvard.edu/abs/2013MNRAS.428.2459K},
  adsnote = {Provided by the SAO/NASA Astrophysics Data System}
}
@ARTICLE{ssk-lyut-11,
   author = {{Komissarov}, S.~S. and {Lyutikov}, M.},
    title = "{On the origin of variable gamma-ray emission from the Crab nebula}",
  journal = {\mnras},
archivePrefix = "arXiv",
   eprint = {1011.1800},
 primaryClass = "astro-ph.HE",
 keywords = {MHD, radiation mechanisms: non-thermal, relativistic processes, shock waves, ISM: supernova remnants, gamma-rays: ISM},
     year = 2011,
    month = jul,
   volume = 414,
    pages = {2017-2028},
      doi = {10.1111/j.1365-2966.2011.18516.x},
   adsurl = {http://adsabs.harvard.edu/abs/2011MNRAS.414.2017K},
  adsnote = {Provided by the SAO/NASA Astrophysics Data System}
}
@ARTICLE{camus-09,
   author = {{Camus}, N.~F. and {Komissarov}, S.~S. and {Bucciantini}, N. and 
	{Hughes}, P.~A.},
    title = "{Observations of `wisps' in magnetohydrodynamic simulations of the Crab Nebula}",
  journal = {\mnras},
archivePrefix = "arXiv",
   eprint = {0907.3647},
 primaryClass = "astro-ph.HE",
 keywords = {MHD , radiation mechanisms: non-thermal , relativity , methods: numerical , pulsars: individual: Crab , supernova remnants},
     year = 2009,
    month = dec,
   volume = 400,
    pages = {1241-1246},
      doi = {10.1111/j.1365-2966.2009.15550.x},
   adsurl = {http://adsabs.harvard.edu/abs/2009MNRAS.400.1241C},
  adsnote = {Provided by the SAO/NASA Astrophysics Data System}
}
@ARTICLE{ssk-lyub-03,
   author = {{Komissarov}, S.~S. and {Lyubarsky}, Y.~E.},
    title = "{The origin of peculiar jet-torus structure in the Crab nebula}",
  journal = {\mnras},
   eprint = {arXiv:astro-ph/0306162},
 keywords = {MHD, shock waves, pulsars: general, ISM: individual: Crab nebula, ISM: jets and outflows, supernova remnants},
     year = 2003,
    month = oct,
   volume = 344,
    pages = {L93-L96},
      doi = {10.1046/j.1365-8711.2003.07097.x},
   adsurl = {http://adsabs.harvard.edu/abs/2003MNRAS.344L..93K},
  adsnote = {Provided by the SAO/NASA Astrophysics Data System}
}
@ARTICLE{ssk-lyub-04,
   author = {{Komissarov}, S.~S. and {Lyubarsky}, Y.~E.},
    title = "{Synchrotron nebulae created by anisotropic magnetized pulsar winds}",
  journal = {\mnras},
 keywords = {MHD, shock waves, pulsars: general, ISM: individual: Crab nebula, ISM: jets and outflows, supernova remnants},
     year = 2004,
    month = apr,
   volume = 349,
    pages = {779-792},
      doi = {10.1111/j.1365-2966.2004.07597.x},
   adsurl = {http://adsabs.harvard.edu/abs/2004MNRAS.349..779K},
  adsnote = {Provided by the SAO/NASA Astrophysics Data System}
}
@ARTICLE{ssk-godun99,
   author = {{Komissarov}, S.~S.},
    title = "{A Godunov-type scheme for relativistic magnetohydrodynamics}",
  journal = {\mnras},
 keywords = {MHD, RELATIVITY, SHOCK WAVES, METHODS: NUMERICAL},
     year = 1999,
    month = feb,
   volume = 303,
    pages = {343-366},
      doi = {10.1046/j.1365-8711.1999.02244.x},
   adsurl = {http://adsabs.harvard.edu/abs/1999MNRAS.303..343K},
  adsnote = {Provided by the SAO/NASA Astrophysics Data System}
}
@ARTICLE{rees-gunn-74,
   author = {{Rees}, M.~J. and {Gunn}, J.~E.},
    title = "{The origin of the magnetic field and relativistic particles in the Crab Nebula}",
  journal = {\mnras},
     year = 1974,
    month = apr,
   volume = 167,
    pages = {1-12},
   adsurl = {http://adsabs.harvard.edu/abs/1974MNRAS.167....1R},
  adsnote = {Provided by the SAO/NASA Astrophysics Data System}
}
@ARTICLE{kc84a,
   author = {{Kennel}, C.~F. and {Coroniti}, F.~V.},
    title = "{Confinement of the Crab pulsar's wind by its supernova remnant}",
  journal = {\apj},
 keywords = {COSMIC PLASMA, CRAB NEBULA, PULSARS, STELLAR WINDS, SUPERNOVA REMNANTS, BOUNDARY CONDITIONS, BOUNDARY VALUE PROBLEMS, FLOW VELOCITY, MAGNETOHYDRODYNAMICS, SHOCK WAVES},
     year = 1984,
    month = aug,
   volume = 283,
    pages = {694-709},
      doi = {10.1086/162356},
   adsurl = {http://adsabs.harvard.edu/abs/1984ApJ...283..694K},
  adsnote = {Provided by the SAO/NASA Astrophysics Data System}
}
@ARTICLE{kc84b,
   author = {{Kennel}, C.~F. and {Coroniti}, F.~V.},
    title = "{Magnetohydrodynamic model of Crab nebula radiation}",
  journal = {\apj},
 keywords = {CRAB NEBULA, MAGNETOHYDRODYNAMICS, STELLAR MODELS, SYNCHROTRON RADIATION, SPATIAL DISTRIBUTION, SPECTRAL ENERGY DISTRIBUTION},
     year = 1984,
    month = aug,
   volume = 283,
    pages = {710-730},
      doi = {10.1086/162357},
   adsurl = {http://adsabs.harvard.edu/abs/1984ApJ...283..710K},
  adsnote = {Provided by the SAO/NASA Astrophysics Data System}
}
@ARTICLE{delzanna-06,
   author = {{Del Zanna}, L. and {Volpi}, D. and {Amato}, E. and {Bucciantini}, N.
        },
    title = "{Simulated synchrotron emission from pulsar wind nebulae}",
  journal = {\aap},
   eprint = {arXiv:astro-ph/0603080},
 keywords = {radiation mechanisms: non-thermal, Magnetohydrodynamics (MHD), relativity, pulsars: general, ISM: supernova remnants, ISM: individual objects: Crab Nebula},
     year = 2006,
    month = jul,
   volume = 453,
    pages = {621-633},
      doi = {10.1051/0004-6361:20064858},
   adsurl = {http://adsabs.harvard.edu/abs/2006A%26A...453..621D},
  adsnote = {Provided by the SAO/NASA Astrophysics Data System}
}
@ARTICLE{delzanna-04,
   author = {{Del Zanna}, L. and {Amato}, E. and {Bucciantini}, N.},
    title = "{Axially symmetric relativistic MHD simulations of Pulsar Wind Nebulae in Supernova Remnants. On the origin of torus and jet-like features}",
  journal = {\aap},
   eprint = {arXiv:astro-ph/0404355},
 keywords = {ISM: supernova remnants, ISM: jets and outflows, stars: pulsars: general, magnetohydrodynamics},
     year = 2004,
    month = jul,
   volume = 421,
    pages = {1063-1073},
      doi = {10.1051/0004-6361:20035936},
   adsurl = {http://adsabs.harvard.edu/abs/2004A%26A...421.1063D},
  adsnote = {Provided by the SAO/NASA Astrophysics Data System}
}
@ARTICLE{bogovalov-05,
   author = {{Bogovalov}, S.~V. and {Chechetkin}, V.~M. and {Koldoba}, A.~V. and
        {Ustyugova}, G.~V.},
    title = "{Interaction of pulsar winds with interstellar medium: numerical simulation}",
  journal = {\mnras},
 keywords = {MHD, shock waves, pulsars: general, ISM: individual: Crab nebula, jets and outflows, supernova remnants},
     year = 2005,
    month = apr,
   volume = 358,
    pages = {705-715},
      doi = {10.1111/j.1365-2966.2004.08592.x},
   adsurl = {http://adsabs.harvard.edu/abs/2005MNRAS.358..705B},
  adsnote = {Provided by the SAO/NASA Astrophysics Data System}
}
@ARTICLE{hester-95,
   author = {{Hester}, J.~J. and {Scowen}, P.~A. and {Sankrit}, R. and {Burrows}, C.~J. and
        {Gallagher}, III, J.~S. and {Holtzman}, J.~A. and {Watson}, A. and
        {Trauger}, J.~T. and {Ballester}, G.~E. and {Casertano}, S. and
        {Clarke}, J.~T. and {Crisp}, D. and {Evans}, R.~W. and {Griffiths}, R.~E. and
        {Hoessel}, J.~G. and {Krist}, J. and {Lynds}, R. and {Mould}, J.~R. and
        {O'Neil}, Jr., E.~J. and {Stapelfeldt}, K.~R. and {Westphal}, J.~A.
        },
    title = "{WFPC2 Studies of the Crab Nebula. I. HST and ROSAT Imaging of the Synchrotron Nebula}",
  journal = {\apj},
 keywords = {ISM: INDIVIDUAL NAME: CRAB NEBULA, ISM: JETS AND OUTFLOWS, ISM: STRUCTURE, X-RAYS: ISM},
     year = 1995,
    month = jul,
   volume = 448,
    pages = {240},
      doi = {10.1086/175956},
   adsurl = {http://adsabs.harvard.edu/abs/1995ApJ...448..240H},
  adsnote = {Provided by the SAO/NASA Astrophysics Data System}
}
@ARTICLE{Rudy-15,
   author = {{Rudy}, A. and {Horns}, D. and {DeLuca}, A. and {Kolodziejczak}, J. and 
	{Tennant}, A. and {Yuan}, Y. and {Buehler}, R. and {Arons}, J. and 
	{Blandford}, R. and {Caraveo}, P. and {Costa}, E. and {Funk}, S. and 
	{Hays}, E. and {Lobanov}, A. and {Max}, C. and {Mayer}, M. and 
	{Mignani}, R. and {O'Dell}, S.~L. and {Romani}, R. and {Tavani}, M. and 
	{Weisskopf}, M.~C.},
    title = "{Characterization of the Inner Knot of the Crab: The Site of the Gamma-Ray Flares?}",
  journal = {\apj},
archivePrefix = "arXiv",
   eprint = {1504.04613},
 primaryClass = "astro-ph.HE",
 keywords = {ISM: jets and outflows, ISM: supernova remnants, pulsars: individual: Crab, techniques: image processing},
     year = 2015,
    month = sep,
   volume = 811,
      eid = {24},
    pages = {24},
      doi = {10.1088/0004-637X/811/1/24},
   adsurl = {http://adsabs.harvard.edu/abs/2015ApJ...811...24R},
  adsnote = {Provided by the SAO/NASA Astrophysics Data System}
}
@ARTICLE{LKP-16,
   author = {{Lyutikov}, M. and {Komissarov}, S.~S. and {Porth}, O.},
    title = "{The inner knot of the Crab nebula}",
  journal = {\mnras},
archivePrefix = "arXiv",
   eprint = {1506.07282},
 primaryClass = "astro-ph.HE",
 keywords = {MHD, radiation mechanisms: non-thermal, shock waves, pulsars: individual: Crab, ISM: supernova remnants},
     year = 2016,
    month = feb,
   volume = 456,
    pages = {286-299},
      doi = {10.1093/mnras/stv2570},
   adsurl = {http://adsabs.harvard.edu/abs/2016MNRAS.456..286L},
  adsnote = {Provided by the SAO/NASA Astrophysics Data System}
}
@ARTICLE{YB-15,
   author = {{Yuan}, Y. and {Blandford}, R.~D.},
    title = "{On the implications of recent observations of the inner knot in the Crab nebula}",
  journal = {\mnras},
archivePrefix = "arXiv",
   eprint = {1506.08121},
 primaryClass = "astro-ph.HE",
 keywords = {radiation mechanisms: non-thermal, relativistic processes, shock waves, ISM: individual objects: Crab nebula},
     year = 2015,
    month = dec,
   volume = 454,
    pages = {2754-2769},
      doi = {10.1093/mnras/stv2093},
   adsurl = {http://adsabs.harvard.edu/abs/2015MNRAS.454.2754Y},
  adsnote = {Provided by the SAO/NASA Astrophysics Data System}
}
@ARTICLE{moran-13,
   author = {{Moran}, P. and {Shearer}, A. and {Mignani}, R.~P. and {S{\l}owikowska}, A. and
    {De Luca}, A. and {Gouiff{\`e}s}, C. and {Laurent}, P.},
    title = "{Optical polarimetry of the inner Crab nebula and pulsar}",
  journal = {\mnras},
archivePrefix = "arXiv",
   eprint = {1305.6824},
 primaryClass = "astro-ph.HE",
 keywords = {polarization, radiation mechanisms: non-thermal, stars: neutron, pulsars: general, pulsars: individual: the Crab pulsar},
     year = 2013,
    month = aug,
   volume = 433,
    pages = {2564-2575},
      doi = {10.1093/mnras/stt931},
   adsurl = {http://adsabs.harvard.edu/abs/2013MNRAS.433.2564M},
  adsnote = {Provided by the SAO/NASA Astrophysics Data System}
}
@ARTICLE{SS-11,
   author = {{Sironi}, L. and {Spitkovsky}, A.},
    title = "{Acceleration of Particles at the Termination Shock of a Relativistic Striped Wind}",
  journal = {\apj},
archivePrefix = "arXiv",
   eprint = {1107.0977},
 primaryClass = "astro-ph.HE",
 keywords = {acceleration of particles, galaxies: jets, gamma-ray burst: general, pulsars: general, radiation mechanisms: nonthermal, shock waves},
     year = 2011,
    month = nov,
   volume = 741,
      eid = {39},
    pages = {39},
      doi = {10.1088/0004-637X/741/1/39},
   adsurl = {http://adsabs.harvard.edu/abs/2011ApJ...741...39S},
  adsnote = {Provided by the SAO/NASA Astrophysics Data System}
}
